@article{Visser2015a,
    title = {{Effects of Spring Temperatures on the Strength of Selection on Timing of Reproduction in a Long-Distance Migratory Bird}},
    year = {2015},
    journal = {PLoS Biology},
    author = {Visser, Marcel E. and Gienapp, Phillip and Husby, Arild and Morrissey, Michael B. and de la Hera, Iván and Pulido, Francisco and Both, Christiaan},
    number = {4},
    pages = {1--17},
    volume = {13},
    isbn = {1545-7885},
    doi = {10.1371/journal.pbio.1002120},
    issn = {15457885},
    pmid = {25848856}
}

@article{Visser2006a,
    title = {{Shifts in caterpillar biomass phenology due to climate change and its impact on the breeding biology of an insectivorous bird}},
    year = {2006},
    journal = {Oecologia},
    author = {Visser, Marcel E. and Holleman, Leonard J M and Gienapp, Phillip},
    number = {1},
    pages = {164--172},
    volume = {147},
    isbn = {0029-8549},
    doi = {10.1007/s00442-005-0299-6},
    issn = {00298549},
    pmid = {16328547},
    keywords = {Climate change, Fitness, Great tit, Phenology, Timing of reproduction}
}

@article{Both2007a,
    title = {{Climate change and timing of avian breeding and migration throughout Europe}},
    year = {2007},
    journal = {Climate Research},
    author = {Both, Christiaan and te Marvelde, Luc},
    number = {1-2},
    pages = {93--105},
    volume = {35},
    isbn = {0936-577X},
    doi = {10.3354/cr00716},
    issn = {0936577X},
    keywords = {Ficedula hypoleuca, Laying date, Migration, Phenotypic plasticity, Sturnus vulgaris, Temperature, Timing}
}

@article{Both2009a,
    title = {{Avian population consequences of climate change are most severe for long-distance migrants in seasonal habitats.}},
    year = {2009},
    journal = {Proceedings of the Royal Society B},
    author = {Both, Christiaan and Van Turnhout, Chris A. M. and Bijlsma, Rob G. and Siepel, Henk and van Strien, Arco J. and Foppen, Ruud P B},
    number = {1685},
    pages = {1259--66},
    volume = {277},
    url = {http://www.pubmedcentral.nih.gov/articlerender.fcgi?artid=2842804&tool=pmcentrez&rendertype=abstract},
    isbn = {1471-2954 (Electronic){\textbackslash}r0962-8452 (Linking)},
    doi = {10.1098/rspb.2009.1525},
    issn = {1471-2954},
    pmid = {20018784},
    keywords = {Animal Migration, Animals, Birds, Birds: physiology, Climate Change, Demography, Ecosystem, Europe, Seasons, Trees}
}

@article{Evans2017a,
    title = {{Climate change upends selection on ornamentation in a wild bird}},
    year = {2017},
    journal = {Nature Ecology {\&} Evolution},
    author = {Evans, Simon R. and Gustafsson, Lars},
    number = {January},
    pages = {X-X},
    volume = {X},
    doi = {10.1038/s41559-016-0039},
    issn = {2397-334X}
}

@article{Vedder2013a,
    title = {{Quantitative Assessment of the Importance of Phenotypic Plasticity in Adaptation to Climate Change in Wild Bird Populations}},
    year = {2013},
    journal = {PLoS Biology},
    author = {Vedder, Oscar and Bouwhuis, Sandra and Sheldon, Ben C.},
    number = {7},
    pages = {1--10},
    volume = {11},
    isbn = {1545-7885 (Electronic){\textbackslash}n1544-9173 (Linking)},
    doi = {10.1371/journal.pbio.1001605},
    issn = {15449173},
    pmid = {23874152}
}

@article{Dunn2014a,
    title = {{Changes in breeding phenology and population size of birds}},
    year = {2014},
    journal = {Journal of Animal Ecology},
    author = {Dunn, Peter O and M{\o}ller, Anders Pape},
    number = {3},
    pages = {729--739},
    volume = {83},
    isbn = {1365-2656},
    doi = {10.1111/1365-2656.12162},
    issn = {13652656},
    pmid = {24117440},
    keywords = {Birds, Climate change, Duration of breeding season, Migration, Mismatch hypothesis, Population trends}
}

@article{Durant2007a,
    title = {{Climate and the match or mismatch between predator requirements and resource availability}},
    year = {2007},
    journal = {Climate Research},
    author = {Durant, Joël M. and Hjermann, Dag and Ottersen, Geir and Stenseth, Nils Chr},
    number = {3},
    pages = {271--283},
    volume = {33},
    isbn = {0936-577X},
    doi = {10.3354/cr033271},
    issn = {0936577X},
    pmid = {7296},
    keywords = {Food chain, Match/mismatch hypothesis, Phenology, Recruitment, Synchrony, Timing}
}

@article{Both2005b,
    title = {{The effect of climate change on the correlation between avian life-history traits}},
    year = {2005},
    journal = {Global Change Biology},
    author = {Both, Christiaan and Visser, Marcel E.},
    number = {10},
    pages = {1606--1613},
    volume = {11},
    isbn = {1365-2486},
    doi = {10.1111/j.1365-2486.2005.01038.x},
    issn = {13541013},
    keywords = {Climate change, Clutch size, Ficedula hypoleuca, Food availability, Laying date}
}

@article{Charmantier2008a,
    title = {{Adaptive phenotypic plasticity in response to climate change in a wild bird population}},
    year = {2008},
    journal = {Science},
    author = {Charmantier, Anne and McCleery, Robin H and Cole, Lionel R and Perrins, Christopher Miles and Kruuk, Loeske E B and Sheldon, Ben C.},
    number = {5877},
    pages = {800--803},
    volume = {320},
    isbn = {0036-8075},
    doi = {10.1126/science.1157174},
    issn = {0036-8075},
    pmid = {18467590},
    keywords = {LONG-TERM, PARUS-MAJOR, PHENOLOGY, REPRODUCTION, SELECTION, Science {\&} Technology - Other Topics, TEMPERATURE}
}

@article{Drever2007a,
    title = {{Spring temperature, clutch initiation date and duck nest success: A test of the mismatch hypothesis}},
    year = {2007},
    journal = {Journal of Animal Ecology},
    author = {Drever, Mark C. and Clark, Robert G.},
    number = {1},
    pages = {139--148},
    volume = {76},
    isbn = {1365-2656},
    doi = {10.1111/j.1365-2656.2006.01183.x},
    issn = {00218790},
    pmid = {17184362},
    keywords = {Breeding biology, Climate change, Nest fate, Prairies, Timing of breeding, Waterfowl}
}

@article{Dunn2011a,
    title = {{A test of the mismatch hypothesis: How is timing of reproduction related to food abundance in an aerial insectivore ?}},
    year = {2011},
    journal = {Ecology},
    author = {Dunn, Peter O and Winkler, David W. and Whittingham, Linda A and Hannon, Susan J and Robertson, Raleigh J.},
    number = {2},
    pages = {450--461},
    volume = {92},
    isbn = {10.1890/10-0478.1},
    doi = {10.1890/10-0478.1},
    issn = {00129658},
    pmid = {21618924},
    keywords = {aerial insectivores, birds, climate change, food abundance, hypothesis, insects, life history, mismatch, most birds have a, predictability, restricted breeding season, so timed that the, tachycineta bicolor, tree swallow, when their, which is, young are being raised}
}

@article{Burger2012,
    title = {{Climate change, breeding date and nestling diet: How temperature differentially affects seasonal changes in pied flycatcher diet depending on habitat variation}},
    year = {2012},
    journal = {Journal of Animal Ecology},
    author = {Burger, Claudia and Belskii, Eugen and Eeva, Tapio and Laaksonen, Toni and M{\"{a}}gi, Marko and M{\"{a}}nd, Raivo and Qvarnstr{\"{o}}m, Anna and Slagsvold, Tore and Veen, Thor and Visser, Marcel E. and Wiebe, Karen L. and Wiley, Chris and Wright, Jonathan and Both, Christiaan},
    number = {4},
    pages = {926--936},
    volume = {81},
    isbn = {1365-2656},
    doi = {10.1111/j.1365-2656.2012.01968.x},
    issn = {00218790},
    pmid = {22356622},
    keywords = {Demography, Ficedula hypoleuca, Food web, Foraging, GlmmPQL, Passerines}
}

@article{Lof2012a,
    title = {{Timing in a fluctuating environment: environmental variability and asymmetric fitness curves can lead to adaptively mismatched avian reproduction}},
    year = {2012},
    journal = {Proceedings of the Royal Society B},
    author = {Lof, Marjolein E. and Reed, Thomas E. and McNamara, John M. and Visser, Marcel E.},
    number = {1741},
    pages = {3161--3169},
    volume = {279},
    isbn = {1471-2954 (Electronic){\textbackslash}r0962-8452 (Linking)},
    doi = {10.1098/rspb.2012.0431},
    issn = {0962-8452},
    pmid = {22628472},
    keywords = {bet-hedging, climate, dynamic optimization, fitness curve, plasticity, stochasticity}
}

@article{Jonzen2007a,
    title = {{Climate change and the optimal arrival of migratory birds.}},
    year = {2007},
    journal = {Proceedings of the Royal Society B},
    author = {Jonz{\'{e}}n, Niclas and Hedenstr{\"{o}}m, Anders and Lundberg, Per},
    number = {1607},
    pages = {269--74},
    volume = {274},
    url = {http://rspb.royalsocietypublishing.org/content/274/1607/269.abstract?ijkey=78770f760ef7594884f6b9844ef557210737762a&keytype2=tf_ipsecsha},
    isbn = {0962-8452},
    doi = {10.1098/rspb.2006.3719},
    issn = {0962-8452},
    pmid = {17148256},
    keywords = {Animal Migration, Animals, Birds, Birds: physiology, Climate, Competitive Behavior, Competitive Behavior: physiology, Computer Simulation, Models, Theoretical, Time Factors}
}

@article{Reed2013a,
    title = {{Phenological mismatch strongly affects individual fitness but not population demography in a woodland passerine}},
    year = {2013},
    journal = {Journal of Animal Ecology},
    author = {Reed, Thomas E. and Jenouvrier, Stephanie and Visser, Marcel E.},
    number = {1},
    pages = {131--144},
    volume = {82},
    isbn = {1365-2656},
    doi = {10.1111/j.1365-2656.2012.02020.x},
    issn = {00218790},
    pmid = {22862682},
    keywords = {Climate, Demographic, Fitness, Mismatch, Selection gradient, Synchrony, Timing, Vital rates}
}

@article{Brook2015a,
    title = {{Density dependence and phenological mismatch: consequences for growth and survival of sub-arctic nesting Canada Geese}},
    year = {2015},
    journal = {Avian Conservation and Ecology},
    author = {Brook, Rodney W and Leafloor, James O and Abraham, Kenneth F and Douglas, David C},
    number = {1},
    volume = {10},
    url = {http://dx.doi.org/10.5751/ACE-00708-100101%5Cnhttp://www.ace-eco.org/vol10/iss1/art1/},
    doi = {10.5751/ACE-00708-100101},
    issn = {1712-6568},
    keywords = {Branta canadensis, Canada goose, climate, density dependence, ecological mismatch, growth, plant phenology, survival}
}

@article{Gienapp2014a,
    title = {{Why climate change will invariably alter selection pressures on phenology}},
    year = {2014},
    journal = {Proceedings of the Royal Society B},
    author = {Gienapp, Phillip and Reed, Thomas E. and Visser, Marcel E},
    number = {August},
    pages = {20141611},
    volume = {281},
    isbn = {0962-8452},
    doi = {10.1098/rspb.2014.1611},
    issn = {0962-8452, 1471-2954},
    pmid = {25165771},
    keywords = {climate change, phenology, phenotypic plasticity, reaction norm, selection}
}

@article{Jonzen2006a,
    title = {{Rapid Advance of Spring Arrival Dates in Long-Distance Migratory Birds}},
    year = {2006},
    journal = {Science},
    author = {Jonz{\'{e}}n, Niclas},
    number = {5782},
    pages = {1959--1961},
    volume = {312},
    url = {http://www.sciencemag.org/cgi/doi/10.1126/science.1126119},
    isbn = {0036-8075},
    doi = {10.1126/science.1126119},
    issn = {0036-8075, 1095-9203},
    pmid = {16809542}
}

@article{Husby2011a,
    title = {{Speeding up microevolution: The effects of increasing temperature on selection and genetic variance in a wild bird population}},
    year = {2011},
    journal = {PLoS Biology},
    author = {Husby, Arild and Visser, Marcel E. and Kruuk, Loeske E B},
    number = {2},
    volume = {9},
    isbn = {1545-7885 (Electronic){\textbackslash}r1544-9173 (Linking)},
    doi = {10.1371/journal.pbio.1000585},
    issn = {15449173},
    pmid = {21408101}
}

@article{Mller2008a,
    title = {{Populations of migratory bird species that did not show a phenological response to climate change are declining.}},
    year = {2008},
    journal = {Proceedings of the National Academy of Sciences of the United States of America},
    author = {M{\o}ller, Anders Pape and Rubolini, Diego and Lehikoinen, Esa},
    number = {42},
    pages = {16195--16200},
    volume = {105},
    isbn = {0027-8424},
    doi = {10.1073/pnas.0803825105},
    issn = {0027-8424},
    pmid = {18849475},
    arxivId = {arXiv:1408.1149}
}

@article{Schluter1988,
    title = {{ESTIMATING THE FORM OF NATURAL SELECTION ON A QUANTITATIVE TRAIT}},
    year = {1988},
    journal = {Evolution},
    author = {Schluter, Dolph},
    number = {5},
    pages = {849--861},
    volume = {42}
}

@article{Camacho2013a,
    title = {{Nonrandom dispersal drives phenotypic divergence within a bird population}},
    year = {2013},
    journal = {Ecology and Evolution},
    author = {Camacho, Carlos and Canal, David and Potti, Jaime},
    number = {14},
    month = {11},
    pages = {4841--4848},
    volume = {3},
    url = {http://doi.wiley.com/10.1002/ece3.563},
    doi = {10.1002/ece3.563},
    issn = {20457758},
    keywords = {Dispersal, Ficedula hypoleuca, habitat preferences, phenotypic divergence, pied flycatcher, population structure}
}

@article{Wood2016a,
    title = {{Evolutionary response when selection and genetic variation covary across environments}},
    year = {2016},
    journal = {Ecology Letters},
    author = {Wood, Corlett W. and Brodie, Edmund D.},
    number = {10},
    pages = {1189--1200},
    volume = {19},
    isbn = {1461-0248 (Electronic)1461-023X (Linking)},
    doi = {10.1111/ele.12662},
    issn = {14610248},
    pmid = {27531600},
    keywords = {Anthropogenic change, breeder's equation, cryptic genetic variation, environmental heterogeneity, heritability, novel environments, response to selection}
}

@article{Pau2011a,
    title = {{Predicting phenology by integrating ecology, evolution and climate science}},
    year = {2011},
    journal = {Global Change Biology},
    author = {Pau, Stephanie and Wolkovich, Elizabeth M. and Cook, Benjamin I. and Davies, T. Jonathan and Kraft, Nathan J B and Bolmgren, Kjell and Betancourt, Julio L. and Cleland, Elsa E.},
    number = {12},
    pages = {3633--3643},
    volume = {17},
    isbn = {1365-2486},
    doi = {10.1111/j.1365-2486.2011.02515.x},
    issn = {13541013},
    pmid = {20113363331},
    keywords = {Environmental filtering, Growing-degree day models, Niche conservatism, Photoperiod, Temperature sensitivity, Temporal niche}
}

@article{VandePol2016,
    title = {{Identifying the best climatic predictors in ecology and evolution}},
    year = {2016},
    journal = {Methods in Ecology and Evolution},
    author = {van de Pol, Martijn and Bailey, Liam D. and McLean, Nina and Rijsdijk, Laurie and Lawson, Callum R. and Brouwer, Lyanne},
    number = {10},
    pages = {1246--1257},
    volume = {7},
    isbn = {9788578110796},
    doi = {10.1111/2041-210X.12590},
    issn = {2041210X},
    pmid = {25246403},
    arxivId = {arXiv:1011.1669v3},
    keywords = {R??package climwin, bias, climate change, climate sensitivity, cross-validation, false positive, precision, sample size, sliding window, weather}
}

@article{Velmala2015a,
    title = {{Natural selection for earlier male arrival to breeding grounds through direct and indirect effects in a migratory songbird}},
    year = {2015},
    journal = {Ecology and Evolution},
    author = {Velmala, William and Helle, Samuli and Ahola, Markus P. and Klaassen, Marcel and Lehikoinen, Esa and Rainio, Kalle and Sirki{\"{a}}, Päivi M. and Laaksonen, Toni},
    number = {6},
    pages = {1205--1213},
    volume = {5},
    isbn = {2045-7758},
    doi = {10.1002/ece3.1423},
    issn = {20457758},
    pmid = {25859326},
    keywords = {Fitness, Life history, Microevolution, Seasonal interactions, Sexual selection, Timing of migration}
}

@article{Mclean2016a,
    title = {{Predicting when climate-driven phenotypic change affects population dynamics}},
    year = {2016},
    journal = {Ecology Letters},
    author = {Mclean, Nina and Lawson, Callum R. and Leech, Dave I. and van de Pol, Martijn},
    number = {6},
    pages = {595--608},
    volume = {19},
    isbn = {1461-0248},
    doi = {10.1111/ele.12599},
    issn = {14610248},
    pmid = {27062059},
    keywords = {Birds, Climate change, Comparative, Demographic rates, Functional traits, Phenology, Population dynamics, Species responses, Trait}
}

@article{Ouwehand2016a,
    title = {{Light-level geolocators reveal migratory connectivity in European populations of pied flycatchers Ficedula hypoleuca}},
    year = {2016},
    journal = {Journal of Avian Biology},
    author = {Ouwehand, Janne and Ahola, Markus P. and Ausems, A. N.M.A. and Bridge, E. S. and Burgess, M. and Hahn, Steffen and Hewson, C. M. and Klaassen, R. H.G. and Laaksonen, Toni and Lampe, Helene M. and Velmala, William and Both, Christiaan},
    number = {1},
    pages = {69--83},
    volume = {47},
    isbn = {6503251521},
    doi = {10.1111/jav.00721},
    issn = {1600048X}
}

@article{Usui2017a,
    title = {{Temporal shifts and temperature sensitivity of avian spring migratory phenology: a phylogenetic meta-analysis}},
    year = {2017},
    journal = {Journal of Animal Ecology},
    author = {Usui, Takuji and Butchart, Stuart H.M. and Phillimore, Albert B.},
    number = {2},
    pages = {250--261},
    volume = {86},
    doi = {10.1111/1365-2656.12612},
    issn = {13652656},
    pmid = {27859281},
    keywords = {arrival date, bird migration timing, climate change, migratory phenology, plasticity}
}

@article{Samplonius2016a,
    title = {{Phenological mismatch and ontogenetic diet shifts interactively affect offspring condition in a passerine}},
    year = {2016},
    journal = {Journal of Animal Ecology},
    author = {Samplonius, Jelmer M. and Kappes, Elena F. and Brands, Stef and Both, Christiaan},
    number = {5},
    pages = {1255--1264},
    volume = {85},
    doi = {10.1111/1365-2656.12554},
    issn = {13652656},
    keywords = {asynchrony, climate, feeding constraint, foraging, nestling diet, ontogenetic shift, phenology, prey switching, timing, trophic levels}
}

@article{Townsend2013a,
    title = {{Warm Springs, Early Lay Dates, and Double Brooding in a North American Migratory Songbird, the Black-Throated Blue Warbler}},
    year = {2013},
    journal = {PLoS ONE},
    author = {Townsend, Andrea K. and Sillett, T. Scott and Lany, Nina K. and Kaiser, Sara A. and Rodenhouse, Nicholas L. and Webster, Michael S. and Holmes, Richard T.},
    number = {4},
    volume = {8},
    isbn = {1932-6203},
    doi = {10.1371/journal.pone.0059467},
    issn = {19326203},
    pmid = {23565154}
}

@article{Bailey2016,
    title = {{Climwin: An R Toolbox for Climate Window Analysis}},
    year = {2016},
    journal = {PLoS ONE},
    author = {Bailey, Liam D. and van de Pol, Martijn},
    number = {12},
    pages = {1--27},
    volume = {11},
    doi = {10.1371/journal.pone.0167980},
    issn = {19326203}
}

@article{Morrison2013a,
    title = {{Recent population declines in Afro-Palaearctic migratory birds: The influence of breeding and non-breeding seasons}},
    year = {2013},
    journal = {Diversity and Distributions},
    author = {Morrison, Catriona A. and Robinson, Robert A. and Clark, Jacquie A. and Risely, Kate and Gill, Jennifer A.},
    number = {8},
    pages = {1051--1058},
    volume = {19},
    isbn = {13669516},
    doi = {10.1111/ddi.12084},
    issn = {13669516},
    keywords = {Bioclimatic zone, Carry-over effects, Indicator species, Seasonal interactions, sub-Saharan Africa}
}

@article{Gallinat2015a,
    title = {{Autumn, the neglected season in climate change research}},
    year = {2015},
    journal = {Trends in Ecology and Evolution},
    author = {Gallinat, Amanda S. and Primack, Richard B. and Wagner, David L.},
    number = {3},
    pages = {169--176},
    volume = {30},
    publisher = {Elsevier Ltd},
    url = {http://dx.doi.org/10.1016/j.tree.2015.01.004},
    isbn = {0169-5347},
    doi = {10.1016/j.tree.2015.01.004},
    issn = {01695347},
    pmid = {25662784},
    keywords = {Climate change, Diapause, Fruit, Leaf senescence, Migration, Phenology}
}

@article{Husby2009a,
    title = {{Decline in the frequency and benefits of multiple brooding in great tits as a consequence of a changing environment}},
    year = {2009},
    journal = {Proc. R. Soc. B},
    author = {Husby, Arild and Kruuk, Loeske E B and Visser, Marcel E.},
    number = {1663},
    pages = {1845--1854},
    volume = {276},
    isbn = {0962-8452},
    doi = {10.1098/rspb.2008.1937},
    issn = {0962-8452},
    pmid = {19324765},
    keywords = {climate change, double brooding, great tit, laying date, multiple breeding, selection}
}

@article{Lany2016a,
    title = {{Breeding timed to maximize reproductive success for a migratory songbird: The importance of phenological asynchrony}},
    year = {2016},
    journal = {Oikos},
    author = {Lany, Nina K. and Ayres, Matthew P. and Stange, Erik E. and Sillett, T. Scott and Rodenhouse, Nicholas L. and Holmes, Richard T.},
    number = {5},
    pages = {656--666},
    volume = {125},
    isbn = {1600-0706},
    doi = {10.1111/oik.02412},
    issn = {16000706}
}

@misc{Hjernquist2008,
    title = {{Living in a variable environment. Reproductive decisions in wild bird populations}},
    year = {2008},
    author = {Hjernquist, Marten B.},
    pages = {32},
    publisher = {Acta Universitatis Upsaliensis. Digital Comprehensive Summaries of Uppsala Dissertations from the Faculty of Science and Technology 584},
    institution = {Upssala Universitet},
    address = {Uppsala},
    isbn = {9789155473693}
}

@article{Sheldon1998,
    title = {{Gender and environmental sensitivity in nestling collared flycatchers}},
    year = {1998},
    journal = {Ecology},
    author = {Sheldon, Ben C. and Meril{\"{a}}, Juha and Lindgren, G and Ellegren, H.},
    number = {6},
    pages = {1939--1948},
    volume = {79},
    isbn = {0012-9658},
    doi = {Doi 10.1890/0012-9658(1998)079[1939:Gaesin]2.0.Co;2},
    issn = {00129658},
    keywords = {bicollis, body size, chd gene, collared flycatcher, environmental sensitivity, ficedula al-, gender, gender x environment interactions, molecular sex identification, partial cross-fos-}
}

@article{Ouwehand2017a,
    title = {{Shifts in hatch dates do not provide pied flycatchers with a rapid ontogenetic route to adjust offspring time schedules to climate change.}},
    year = {2017},
    journal = {Behavioural Ecology},
    author = {Ouwehand, Janne and Burger, Claudia and Both, Christiaan},
    isbn = {4955139574},
    doi = {10.1111/ijlh.12426},
    issn = {1751553X},
    pmid = {28199780},
    arxivId = {arXiv:physics/0608246v3},
    archivePrefix = {arXiv},
    eprint = {0608246v3},
    primaryClass = {physics},
    keywords = {Cutoff criteria, D-dimer, Recurrence, Venous thromboembolism}
}

@article{Low2015,
    title = {{Delayed timing of breeding as a cost of reproduction}},
    year = {2015},
    journal = {Journal of Avian Biology},
    author = {Low, Matthew and Arlt, Debora and P{\"{a}}rt, Tomas and {\"{O}}berg, Meit},
    number = {4},
    pages = {325--331},
    volume = {46},
    isbn = {1600-048X},
    doi = {10.1111/jav.00623},
    issn = {1600048X},
    pmid = {12964983}
}

@article{Forsman2014,
    title = {{Rethinking phenotypic plasticity and its consequences for individuals, populations and species.}},
    year = {2014},
    journal = {Heredity},
    author = {Forsman, A.},
    number = {August},
    pages = {1--9},
    volume = {115},
    publisher = {Nature Publishing Group},
    url = {http://www.ncbi.nlm.nih.gov/pubmed/25293873},
    isbn = {doi:10.1038/hdy.2014.92},
    doi = {10.1038/hdy.2014.92},
    issn = {1365-2540},
    pmid = {25293873}
}

@article{Gienapp2013a,
    title = {{Predicting demographically sustainable rates of adaptation: can great tit breeding time keep pace with climate change?}},
    year = {2013},
    journal = {Philosophical Transactions of the Royal Society of London. Series B, Biological Sciences},
    author = {Gienapp, Phillip and Lof, Marjolein E. and Reed, Thomas E. and McNamara, John M. and Verhulst, Simon and Visser, Marcel E},
    number = {1610},
    pages = {20120289},
    volume = {368},
    url = {http://www.pubmedcentral.nih.gov/articlerender.fcgi?artid=3538459&tool=pmcentrez&rendertype=abstract},
    isbn = {1471-2970},
    doi = {10.1098/rstb.2012.0289},
    issn = {1471-2970},
    pmid = {23209174},
    keywords = {Adaptation, Animals, Biological, Biological Evolution, Breeding, Climate Change, Female, Forecasting, Genetic Fitness, Models, Ovum, Ovum: physiology, Passeriformes, Passeriformes: genetics, Passeriformes: physiology, Phenotype, Population Dynamics, Seasons, Temperature, Time Factors}
}

@article{Mallord2017a,
    title = {{Diet flexibility in a declining long-distance migrant may allow it to escape the consequences of phenological mismatch with its caterpillar food supply}},
    year = {2017},
    journal = {Ibis},
    author = {Mallord, John W. and Orsman, Christopher J. and Cristinacce, Andrew and Stowe, Tim J. and Charman, Elisabeth C. and Gregory, Richard D.},
    number = {1},
    pages = {76--90},
    volume = {159},
    doi = {10.1111/ibi.12437},
    issn = {1474919X},
    keywords = {Aranaea, Diptera, Lepidoptera, climate change, faecal analysis}
}

@article{Chevin2015,
    title = {{Estimating the variation, autocorrelation, and environmental sensitivity of phenotypic selection}},
    year = {2015},
    journal = {Evolution},
    author = {Chevin, Luis Miguel and Visser, Marcel E. and Tufto, Jarle},
    number = {9},
    pages = {2319--2332},
    volume = {69},
    doi = {10.1111/evo.12741},
    issn = {15585646},
    pmid = {26227394},
    keywords = {Fluctuating selection, Gaussian fitness function, Generalized linear-mixed models, Poisson regression}
}

@article{Conway2000,
    title = {{Evolution of passerine incubation behavior: influence of food, temperature, and nest predation}},
    year = {2000},
    journal = {Evolution},
    author = {Conway, Courtney J and Martin, Thomas E},
    number = {2},
    pages = {670--685},
    volume = {54},
    isbn = {0014-3820},
    doi = {10.1554/0014-3820(2000)054[0670:EOPIBI]2.0.CO;2},
    issn = {0014-3820},
    pmid = {10937242},
    keywords = {-ambient}
}

@article{Hendry2016,
    title = {{Key questions on the role of phenotypic plasticity in eco-evolutionary dynamics}},
    year = {2016},
    journal = {Journal of Heredity},
    author = {Hendry, Andrew P.},
    number = {1},
    pages = {25--41},
    volume = {107},
    isbn = {0894-0282},
    doi = {10.1093/jhered/esv060},
    issn = {14657333},
    pmid = {26297912},
    keywords = {Adaptation, Adaptive divergence, Community structure, Contemporary evolution, Ecosystem function, Heritability, Population dynamics, Rapid evolution}
}

@article{Chevin2013,
    title = {{Genetic constraints on adaptation to a changing environment}},
    year = {2013},
    journal = {Evolution},
    author = {Chevin, Luis Miguel},
    number = {3},
    pages = {708--721},
    volume = {67},
    isbn = {0014-3820},
    doi = {10.1111/j.1558-5646.2012.01809.x},
    issn = {00143820},
    pmid = {23461322},
    keywords = {Directional selection, Environmental stochasticity, Evolutionary demography, Evolutionary quantitative genetics, Fluctuating selection, Punctuated equilibria, Rate of adaptation}
}

@article{Engen2012,
    title = {{Estimating fluctuating selection in age-structured populations}},
    year = {2012},
    journal = {Journal of Evolutionary Biology},
    author = {Engen, Steinar and S{\ae}ther, Bernt-erik and Kvalnes, T. and Jensen, Henrik},
    number = {8},
    pages = {1487--1499},
    volume = {25},
    isbn = {1420-9101 (Electronic){\textbackslash}r1010-061X (Linking)},
    doi = {10.1111/j.1420-9101.2012.02530.x},
    issn = {1010061X},
    pmid = {22725602},
    keywords = {Age-structured population models, Demographic stochasticity, Directional selection, Fluctuating selection, Individual reproductive value, Quantitative characters}
}

@article{Jenouvrier2013a,
    title = {{Impacts of climate change on avian populations}},
    year = {2013},
    journal = {Global Change Biology},
    author = {Jenouvrier, Stephanie},
    number = {7},
    pages = {2036--2057},
    volume = {19},
    isbn = {1365-2486},
    doi = {10.1111/gcb.12195},
    issn = {13541013},
    pmid = {23505016},
    keywords = {Climatic niche, Extinction, Extreme events, IPCC, Stochastic population projection, Uncertainties}
}

@article{Bell2013a,
    title = {{Evolutionary rescue and the limits of adaptation.}},
    year = {2013},
    journal = {Philosophical Transactions of the Royal Society of London. Series B, Biological Sciences},
    author = {Bell, Graham},
    number = {1610},
    pages = {20120080},
    volume = {368},
    url = {http://www.pubmedcentral.nih.gov/articlerender.fcgi?artid=3538447&tool=pmcentrez&rendertype=abstract},
    isbn = {0962-8436},
    doi = {10.1098/rstb.2012.0080},
    issn = {1471-2970},
    pmid = {23209162},
    keywords = {Adaptation, Alleles, Biological, Biological Evolution, Biota, Environment, Extinction, Gene Frequency, Genetic, Genetic Fitness, Genetic Variation, Physiological, Population Density, Population Dynamics, Selection, Stress}
}

@article{VanWijk2016a,
    title = {{Repeatability of individual migration routes, wintering sites, and timing in a long-distance migrant bird}},
    year = {2016},
    journal = {Ecology and Evolution},
    author = {van Wijk, Rien E. and Bauer, Silke and Schaub, Michael},
    number = {24},
    pages = {8679--8685},
    volume = {6},
    isbn = {0012-9658},
    doi = {10.1002/ece3.2578},
    issn = {20457758},
    pmid = {17601135},
    keywords = {Hoopoes, Sahel, autumn migration, first-time migrants, geolocators, non-breeding, spring migration}
}

@article{Kluen2017a,
    title = {{Breeding phenological response to spring weather conditions in common Finnish birds: resident species respond stronger than migratory species}},
    year = {2017},
    journal = {Journal of Avian Biology},
    author = {Kluen, Edward and Nousiainen, Riikka and Lehikoinen, Aleksi},
    number = {5},
    pages = {611--619},
    volume = {48},
    doi = {10.1111/jav.01110},
    issn = {1600048X}
}

@article{Johnston2016b,
    title = {{Survival of Afro-Palaearctic passerine migrants in western Europe and the impacts of seasonal weather variables}},
    year = {2016},
    journal = {Ibis},
    author = {Johnston, Alison and Robinson, Robert A. and Gargallo, Gabriel and Julliard, Romain and van der Jeugd, Henk and Baillie, Stephen R.},
    number = {3},
    pages = {465--480},
    volume = {158},
    isbn = {1474-919X},
    doi = {10.1111/ibi.12366},
    issn = {1474919X},
    keywords = {Constant Effort Sites, Sahel rainfall, Sylviidae, capture mark-recapture, climate change, demography}
}

@article{Tesfahunegny2017a,
    title = {{Impact of Climatic Change on Avian Populations: Implication for Long Term Conservation in Wildlife Genetic Resources}},
    year = {2017},
    journal = {American Journal of Bioscience and Bioengineering},
    author = {Tesfahunegny, Weldemariam},
    number = {1},
    pages = {23},
    volume = {5},
    url = {http://www.sciencepublishinggroup.com/journal/paperinfo?journalid=217&doi=10.11648/j.bio.20170501.15},
    doi = {10.11648/j.bio.20170501.15},
    issn = {2328-5885},
    keywords = {conservation emphasis, eco-climate change, hotspot, megafauna, scenario, sensitive indicators}
}

@article{Cayton2015a,
    title = {{Do growing degree days predict phenology across butterfly species?}},
    year = {2015},
    journal = {Ecology},
    author = {Cayton, Heather L. and Haddad, Nick M. and Gross, Kevin and Diamond, Sarah E. and Ries, Leslie},
    number = {6},
    pages = {1473--1479},
    volume = {96},
    isbn = {0012-9658},
    doi = {10.1890/15-0131.1},
    issn = {0012-9658},
    pmid = {25246403},
    arxivId = {arXiv:1011.1669v3},
    keywords = {climate change, date, first emergence, growing degree days, lepidoptera, ohio, ordinal, peak abundance, phenology, temperature, usa}
}

@article{Conway2000a,
    title = {{Effects of ambient temperature on avian incubation behavior}},
    year = {2000},
    journal = {Behavioral Ecology},
    author = {Conway, Courtney J and Martin, Thomas E},
    number = {2},
    pages = {178--188},
    volume = {11},
    doi = {10.1093/beheco/11.2.178},
    issn = {14657279},
    pmid = {1503}
}

@article{Matthysen2011a,
    title = {{Multiple responses to increasing spring temperatures in the breeding cycle of blue and great tits (Cyanistes caeruleus, Parus major)}},
    year = {2011},
    journal = {Global Change Biology},
    author = {Matthysen, Erik and Adriaensen, Frank and Dhondt, André A.},
    number = {1},
    pages = {1--16},
    volume = {17},
    isbn = {1354-1013},
    doi = {10.1111/j.1365-2486.2010.02213.x},
    issn = {13541013},
    keywords = {Birds, Laying date, Nestling growth, Selection, Synchrony}
}

@article{Auld2013,
    title = {{Who wears the pants in a mute swan pair? Deciphering the effects of male and female age and identity on breeding success}},
    year = {2013},
    journal = {Journal of Animal Ecology},
    author = {Auld, Josh R. and Perrins, Christopher Miles and Charmantier, Anne},
    number = {4},
    pages = {826--835},
    volume = {82},
    isbn = {1365-2656},
    doi = {10.1111/1365-2656.12043},
    issn = {00218790},
    pmid = {23356697},
    keywords = {Abbotsbury, Clutch size, Laying date, Senescence}
}

@article{Schaper2012a,
    title = {{Increasing Temperature, Not Mean Temperature, Is a Cue for Avian Timing of Reproduction}},
    year = {2012},
    journal = {American Naturalist},
    author = {Schaper, Sonja V and Dawson, Alistair and Sharp, Peter J and Gienapp, Phillip and Caro, Samuel P and Visser, Marcel E},
    number = {2},
    pages = {E55-E69},
    volume = {179},
    url = {http://www.jstor.org/stable/10.1086/663675},
    isbn = {00030147},
    doi = {10.1086/663675},
    issn = {1537-5323},
    pmid = {22218320},
    keywords = {supplementary cues, temperature, timing of reproduction}
}

@article{Sherry2015,
    title = {{Impacts of nest predators and weather on reproductive success and population limitation in a long-distance migratory songbird}},
    year = {2015},
    journal = {Journal of Avian Biology},
    author = {Sherry, Thomas W. and Wilson, Scott and Hunter, Sarah and Holmes, Richard T.},
    number = {6},
    pages = {559--569},
    volume = {46},
    isbn = {1600-048X},
    doi = {10.1111/jav.00536},
    issn = {1600048X}
}

@article{Morrissey2014,
    title = {{Selection and evolution of causally covarying traits}},
    year = {2014},
    journal = {Evolution},
    author = {Morrissey, Michael B.},
    number = {6},
    pages = {1748--1761},
    volume = {68},
    isbn = {1558-5646 (Electronic)0014-3820 (Linking)},
    doi = {10.1111/evo.12385},
    issn = {15585646},
    pmid = {24611949},
    keywords = {Causation, Multivariate, Natural selection, Path analysis, Secondary theorem of selection, Selection gradients}
}

@article{Day2015a,
    title = {{Relaxed selection when you least expect it: Why declining bird populations might fail to respond to phenological mismatches}},
    year = {2015},
    journal = {Oikos},
    author = {Day, Emma and Kokko, Hanna},
    number = {1},
    pages = {62--68},
    volume = {124},
    isbn = {1600-0706},
    doi = {10.1111/oik.01340},
    issn = {16000706}
}

@article{Kelly2016a,
    title = {{Novel measures of continental-scale avian migration phenology related to proximate environmental cues}},
    year = {2016},
    journal = {Ecosphere},
    author = {Kelly, Jeffrey F. and Horton, Kyle G. and Stepanian, Phillip M. and De Beurs, Kirsten M. and Fagin, Todd and Bridge, Eli S. and Chilson, Phillip B.},
    number = {8},
    pages = {1--13},
    volume = {7},
    doi = {10.1002/ecs2.1434},
    issn = {21508925},
    keywords = {Aeroecology, Ebird, Green wave, Migration, Thermal wave, Weather radar}
}

@article{Siepielski2013b,
    title = {{The spatial patterns of directional phenotypic selection}},
    year = {2013},
    journal = {Ecology Letters},
    author = {Siepielski, Adam M. and Gotanda, Kiyoko M and Morrissey, Michael B. and Diamond, Sarah E. and Dibattista, Joseph D. and Carlson, Stephanie M.},
    number = {11},
    pages = {1382--1392},
    volume = {16},
    isbn = {1461-0248},
    doi = {10.1111/ele.12174},
    issn = {1461023X},
    pmid = {24028500},
    keywords = {Adaptation, Environmental variation, Evolution, Local adaptation, Natural selection, Selection mosaic, Sexual selection, Spatial variation}
}

@article{Hahn2016a,
    title = {{Longer wings for faster springs - wing length relates to spring phenology in a long-distance migrant across its range}},
    year = {2016},
    journal = {Ecology and Evolution},
    author = {Hahn, Steffen and Korner-Nievergelt, Fränzi and Emmenegger, Tamara and Amrhein, Valentin and Cs{\"{o}}rgo, Tibor and Gursoy, Arzu and Ilieva, Mihaela and Kverek, Pavel and P{\'{e}}rez-Tris, Javier and Pirrello, Simone and Zehtindjiev, Pavel and Salewski, Volker},
    number = {1},
    pages = {68--77},
    volume = {6},
    isbn = {2045-7758},
    doi = {10.1002/ece3.1862},
    issn = {20457758},
    pmid = {26811775},
    keywords = {Aerodynamics, Body size, Ecomorphology, Flight, Luscinia megarhynchos, Timing}
}

@article{Taylor2016a,
    title = {{The response of migratory populations to phenological change: A Migratory Flow Network modelling approach}},
    year = {2016},
    journal = {Journal of Animal Ecology},
    author = {Taylor, Caz M. and Laughlin, Andrew J. and Hall, Richard J.},
    number = {3},
    pages = {648--659},
    volume = {85},
    isbn = {1365-2656},
    doi = {10.1111/1365-2656.12494},
    issn = {13652656},
    pmid = {26782029},
    keywords = {Bird migration, Climate change, Hop, Mismatch hypothesis, Network model, Skip and jump}
}

@article{Phillimore2016a,
    title = {{Passerines may be sufficiently plastic to track temperature-mediated shifts in optimum lay date}},
    year = {2016},
    journal = {Global Change Biology},
    author = {Phillimore, Albert B. and Leech, Dave I. and Pearce-Higgins, James W. and Hadfield, Jarrod D.},
    number = {10},
    pages = {3259--3272},
    volume = {22},
    isbn = {1365-2486},
    doi = {10.1111/gcb.13302},
    issn = {13652486},
    pmid = {27173755},
    keywords = {citizen science, climate, cues, environmental sensitivity of selection, local adaptation, optimum, phenology, plasticity, space for time}
}

@article{Morrissey2016,
    title = {{Variation in reaction norms: Statistical considerations and biological interpretation}},
    year = {2016},
    journal = {Evolution},
    author = {Morrissey, Michael B. and Liefting, Maartje},
    number = {9},
    pages = {1944--1959},
    volume = {70},
    isbn = {9788578110796},
    doi = {10.1111/evo.13003},
    issn = {15585646},
    pmid = {25246403},
    arxivId = {arXiv:1011.1669v3},
    keywords = {Phenotypic plasticity, reaction norm, statistics}
}

@article{Kristensen2015a,
    title = {{Phenology of two interdependent traits in migratory birds in response to climate change}},
    year = {2015},
    journal = {Proceedings of The Royal Society - B:Biological sciences},
    author = {Kristensen, Nadiah Pardede and Johansson, Jacob and Ripa, Jorgen and Jonz{\'{e}}n, Niclas},
    pages = {20150288},
    volume = {282},
    isbn = {1471-2954 (Electronic){\textbackslash}r0962-8452 (Linking)},
    doi = {10.1098/rspb.2015.0288},
    issn = {1471-2954},
    pmid = {25904668},
    keywords = {ecology, evolution, theoretical biology}
}

@article{Franks2012a,
    title = {{Genetics of Climate Change Adaptation}},
    year = {2012},
    journal = {Annual Review of Genetics},
    author = {Franks, Steven J. and Hoffmann, Ary A.},
    number = {1},
    pages = {185--208},
    volume = {46},
    url = {http://www.annualreviews.org/doi/10.1146/annurev-genet-110711-155511},
    isbn = {0066-4197},
    doi = {10.1146/annurev-genet-110711-155511},
    issn = {0066-4197},
    pmid = {22934640},
    keywords = {epigenetics, evolutionary constraints, genetic response networks, global change, natural selection}
}

@article{Parmesan2006a,
    title = {{Ecological and Evolutionary Responses to Recent Climate Change}},
    year = {2006},
    journal = {Annual Review of Ecology, Evolution, and Systematics},
    author = {Parmesan, Camille},
    number = {1},
    pages = {637--669},
    volume = {37},
    url = {http://www.annualreviews.org/doi/10.1146/annurev.ecolsys.37.091305.110100},
    isbn = {1543-592X},
    doi = {10.1146/annurev.ecolsys.37.091305.110100},
    issn = {1543-592X},
    pmid = {243038500023},
    keywords = {aquatic, global warming, phenology, range shift, terrestrial, trophic}
}

@article{Ockendon2013a,
    title = {{Climatic effects on breeding grounds are more important drivers of breeding phenology in migrant birds than carry-over effects from wintering grounds}},
    year = {2013},
    journal = {Biol. Lett.},
    author = {Ockendon, Nancy and Leech, Dave I. and Pearce-Higgins, James W.},
    number = {6},
    pages = {1--4},
    volume = {9},
    url = {http://www.ncbi.nlm.nih.gov/pubmed/24196517},
    isbn = {1744-957X (Electronic) 1744-9561 (Linking)},
    doi = {10.1098/rsbl.2013.0669},
    issn = {1744-957X},
    pmid = {24196517}
}

@article{Finch2014a,
    title = {{Carry-over effects from passage regions are more important than breeding climate in determining the breeding phenology and performance of three avian migrants of conservation concern}},
    year = {2014},
    journal = {Biodiversity and Conservation},
    author = {Finch, Tom and Pearce-Higgins, James W. and Leech, Dave I. and Evans, Karl L.},
    number = {10},
    pages = {2427--2444},
    volume = {23},
    isbn = {0960-3115},
    doi = {10.1007/s10531-014-0731-5},
    issn = {15729710},
    keywords = {Avian migration, Breeding success, Clutch size, Fecundity, Muscicapa striata, Phoenicurus phoenicurus, Phylloscopus sibilatrix, Stop-over, Trophic mismatch}
}

@article{Visser2005a,
    title = {{Shifts in phenology due to global climate change: the need for a yardstick}},
    year = {2005},
    journal = {Proceedings of the Royal Society B: Biological Sciences},
    author = {Visser, Marcel E and Both, Christiaan},
    number = {1581},
    pages = {2561--2569},
    volume = {272},
    url = {http://rspb.royalsocietypublishing.org/lookup/doi/10.1098/rspb.2005.3356},
    isbn = {0962-8452},
    doi = {10.1098/rspb.2005.3356},
    issn = {0962-8452},
    pmid = {16321776},
    keywords = {climate change, food chains, mistiming, phenology}
}

@article{Dunn1999a,
    title = {{Climate change has affected the breeding date of tree swallows throughout North America}},
    year = {1999},
    journal = {Proceedings of the Royal Society B: Biological Sciences},
    author = {Dunn, Peter O and Winkler, David W.},
    number = {1437},
    pages = {2487--2490},
    volume = {266},
    url = {http://rspb.royalsocietypublishing.org/cgi/doi/10.1098/rspb.1999.0950},
    isbn = {09628452},
    doi = {10.1098/rspb.1999.0950},
    issn = {0962-8452},
    pmid = {10693819},
    keywords = {achycineta bicolor, global warming, laying date, t, timing of reproduction}
}

@article{Crick1997a,
    title = {{UK birds are laying eggs earlier}},
    year = {1997},
    journal = {Nature},
    author = {Crick, Humphrey Q P and Dudley, Caroline and Glue, David E and Thomson, David L},
    pages = {526--527},
    volume = {388},
    isbn = {0028-0836},
    doi = {10.1038/41453},
    issn = {00280836},
    pmid = {666}
}

@article{Parmesan2003a,
    title = {{A globally coherent fingerprint of climate change impacts across natural systems}},
    year = {2003},
    journal = {Nature},
    author = {Parmesan, Camille and Yohe, Gary},
    number = {6918},
    pages = {37--42},
    volume = {421},
    isbn = {3514},
    doi = {10.1038/nature01286},
    issn = {0028-0836},
    pmid = {12511946},
    keywords = {AQUECIMENTO GLOBAL, DISTRIBUICAO GEOGRAFICA, ECOLOGIA GLOBAL, ECOSFERA, ECOSSISTEMAS, EFEITO ESTUFA, FENOLOGIA, IMPACTO AMBIENTAL}
}

@article{Weidinger2007a,
    title = {{Climatic effects on arrival and laying dates in a long-distance migrant, the Collared Flycatcher Ficedula albicollis}},
    year = {2007},
    journal = {Ibis},
    author = {Weidinger, Karel and Kr{\'{a}}l, Miroslav},
    number = {4},
    pages = {836--847},
    volume = {149},
    isbn = {0019-1019},
    doi = {10.1111/j.1474-919X.2007.00719.x},
    issn = {00191019}
}

@article{Visser1998a,
    title = {{Warmer springs lead to mistimes reproduction in Great Tits (Parus major)}},
    year = {1998},
    journal = {Proceedings of the Royal Society B},
    author = {Visser, Marcel E. and van Noordwijk, Arie J and Tinbergen, Joost M. and Lessells, C. M.},
    number = {May},
    pages = {1867--1870},
    volume = {265},
    url = {http://rspb.royalsocietypublishing.org/cgi/doi/10.1098/rspb.1998.0514},
    isbn = {0962-8452},
    doi = {10.1098/rspb.1998.0514},
    issn = {0962-8452},
    pmid = {76410600009},
    keywords = {climate change, laying date, parus major, phenotypic plasticity, timing of reproduction}
}

@article{Ahola2004a,
    title = {{Variation in climate warming along the migration route uncouples arrival and breeding dates}},
    year = {2004},
    journal = {Global Change Biology},
    author = {Ahola, Markus P. and Laaksonen, Toni and Sippola, Katja and Eeva, Tapio and Rainio, Kalle and Lehikoinen, Esa},
    number = {9},
    pages = {1610--1617},
    volume = {10},
    isbn = {1354-1013},
    doi = {10.1111/j.1365-2486.2004.00823.x},
    issn = {13541013},
    pmid = {14394957},
    keywords = {Climate change, Ficedula hypoleuca, Local temperature, NAO, Timing of arrival, Timing of breeding}
}

@article{Saino2004a,
    title = {{Ecological conditions during winter predict arrival date at the breeding quarters in a trans-Saharan migratory bird}},
    year = {2004},
    journal = {Ecology Letters},
    author = {Saino, Nicola and Sz{\'{e}}p, Tibor and Romano, Maria and Rubolini, Diego and Spina, Fernando and M{\o}ller, Anders Pape},
    number = {1},
    pages = {21--25},
    volume = {7},
    isbn = {1461-023X},
    doi = {10.1046/j.1461-0248.2003.00553.x},
    issn = {1461023X},
    pmid = {15209100},
    keywords = {Arrival date, Barn swallow, Bird migration, Breeding date, Breeding success, Hirundo rustica, Long-distance migration, Normalized difference vegetation index, Population dynamics}
}

@article{Both2005c,
    title = {{Climatic effects on timing of spring migration and breeding in a long-distance migrant, the pied flycatcher Ficedula hypoleuca}},
    year = {2005},
    journal = {Journal of Avian Biology},
    author = {Both, Christiaan and Bijlsma, Rob G. and Visser, Marcel E.},
    number = {5},
    pages = {368--373},
    volume = {36},
    url = {http://doi.wiley.com/10.1111/j.0908-8857.2005.03484.x},
    doi = {10.1111/j.0908-8857.2005.03484.x},
    issn = {09088857}
}

@article{Hurrell1995a,
    title = {{Decadal Trends in the North Atlantic Oscillation: Regional Temperatures and Precipitation}},
    year = {1995},
    journal = {Science},
    author = {Hurrell, James W.},
    number = {5224},
    pages = {676--679},
    volume = {269},
    url = {http://www.sciencemag.org/cgi/doi/10.1126/science.269.5224.676},
    isbn = {0036-8075},
    doi = {10.1126/science.269.5224.676},
    issn = {0036-8075},
    pmid = {17758812}
}

@article{Grieco2002a,
    title = {{Evidence for the effect of learning on timing of reproduction in blue tits}},
    year = {2002},
    journal = {Science},
    author = {Grieco, Fabrizio and van Noordwijk, Arie J and Visser, Marcel E.},
    number = {April},
    pages = {136--138},
    volume = {296},
    url = {http://www.ncbi.nlm.nih.gov/pubmed/11935025},
    isbn = {0036-8075},
    doi = {10.1126/science.1068287},
    issn = {1095-9203},
    pmid = {11935025},
    keywords = {Adaptation, Animal, Animals, Behavior, Cues, Environment, Female, Food, Learning, Male, Oviposition, Physiological, Reproduction, Songbirds, Songbirds: physiology, Time Factors}
}

@article{Both2001a,
    title = {{Adjustment to climate change is constrained by arrival date in a long-distance migrant bird.}},
    year = {2001},
    journal = {Nature},
    author = {Both, Christiaan and Visser, Marcel E.},
    number = {6835},
    pages = {296--298},
    volume = {411},
    isbn = {0028-0836},
    doi = {10.1038/35077063},
    issn = {0028-0836},
    pmid = {11357129}
}

@article{Lawson2015b,
    title = {{Environmental variation and population responses to global change}},
    year = {2015},
    journal = {Ecology Letters},
    author = {Lawson, Callum R. and Vindenes, Yngvild and Bailey, Liam D. and van de Pol, Martijn},
    number = {7},
    pages = {724--736},
    volume = {18},
    isbn = {1461-0248},
    doi = {10.1111/ele.12437},
    issn = {14610248},
    pmid = {25900148},
    keywords = {Climate change, Climate fluctuations, Climate variation, Demographic rates, Extreme events, Functional type, Global warming, Stochastic growth rate, Temperature variation, Thermal performance}
}

@article{Mayor2017a,
    title = {{Increasing phenological asynchrony between spring green-up and arrival of migratory birds}},
    year = {2017},
    journal = {Scientific Reports},
    author = {Mayor, Stephen J. and Guralnick, Robert P. and Tingley, Morgan W. and Otegui, Javier and Withey, John C. and Elmendorf, Sarah C. and Andrew, Margaret E. and Leyk, Stefan and Pearse, Ian S. and Schneider, David C.},
    number = {1},
    pages = {1902},
    volume = {7},
    publisher = {Springer US},
    url = {http://www.nature.com/articles/s41598-017-02045-z},
    doi = {10.1038/s41598-017-02045-z},
    issn = {2045-2322},
    pmid = {28507323}
}

@article{Stephens2016a,
    title = {{Consistent response of bird populations to climate change on two continents}},
    year = {2016},
    journal = {Science},
    author = {Stephens, Philip A and Mason, Lucy R and Green, Rhys E and Gregory, Richard D. and Sauer, John R and Alison, Jamie and Aunins, Ainars and Brotons, Lluís},
    number = {6281},
    pages = {84--87},
    volume = {352}
}

@article{Mller2002a,
    title = {{North Atlantic Oscillation (NAO) effects of climate on the relative importance of first and second clutches in a migratory passerine bird}},
    year = {2002},
    journal = {Journal of Animal Ecology},
    author = {M{\o}ller, Anders Pape},
    number = {2},
    pages = {201--210},
    volume = {71},
    isbn = {1365-2656},
    doi = {10.1046/j.1365-2656.2002.00589.x},
    issn = {00218790},
    pmid = {48},
    keywords = {Barn swallow, Body condition, Breeding success, Demography, Hirundo rustica, Immune response, Phytohaemagglutinin, Population dynamics}
}

@article{Buse1999a,
    title = {{Effects of elevated temperature on multi-species interactions: The case of Pedunculate Oak, Winter Moth and Tits}},
    year = {1999},
    journal = {Functional Ecology},
    author = {Buse, A. and Dury, S. J. and Woodburn, R. J. W and Perrins, Christopher Miles and Good, J. E. G.},
    number = {SUPPL. 1},
    pages = {74--82},
    volume = {13},
    isbn = {0269-8463},
    doi = {10.1046/j.1365-2435.1999.00010.x},
    issn = {02698463},
    keywords = {Climate change, Food web, Operophtera brumata, Parus spp., Quercus robur}
}

@article{Rockwell2012a,
    title = {{Carry-over effects of winter climate on spring arrival date and reproductive success in an endangered migratory bird, Kirtland's Warbler (Setophaga kirtlandii )}},
    year = {2012},
    journal = {The Auk},
    author = {Rockwell, Sarah M. and Bocetti, Carol I. and Marra, Peter P.},
    number = {4},
    pages = {744--752},
    volume = {129},
    url = {http://www.bioone.org/doi/abs/10.1525/auk.2012.12003},
    isbn = {00048038{\textbackslash}r19384254},
    doi = {10.1525/auk.2012.12003},
    issn = {00048038},
    keywords = {arrival dates, climate change, kirtland, migratory birds, reproductive success, s warbler, setophaga kirtlandii}
}

@article{Visser2003a,
    title = {{Variable responses to large-scale climate change in European Parus populations}},
    year = {2003},
    journal = {Proceedings of the Royal Society B: Biological Sciences},
    author = {Visser, Marcel E. and Adriaensen, Frank and van Balen, Johan H. and Blondel, Jacques and Dhondt, André A. and van Dongen, Stefan and du Feu, Chris and Ivankina, Elena V and Kerimov, Anvar B. and de Laet, Jenny and Matthysen, Erik and Mccleery, Robin H and Orell, Markku and Thomson, David L},
    number = {1513},
    pages = {367--372},
    volume = {270},
    url = {http://rspb.royalsocietypublishing.org/cgi/doi/10.1098/rspb.2002.2244},
    isbn = {0962-8452},
    doi = {10.1098/rspb.2002.2244},
    issn = {0962-8452},
    pmid = {12639315},
    keywords = {climate change, laying date, life history, parus caeruleus, parus major}
}

@article{Charmantier2013a,
    title = {{Climate change and timing of avian breeding and migration: Evolutionary versus plastic changes}},
    year = {2013},
    journal = {Evolutionary Applications},
    author = {Charmantier, Anne and Gienapp, Phillip},
    number = {1},
    pages = {15--28},
    volume = {7},
    isbn = {1752-4571},
    doi = {10.1111/eva.12126},
    issn = {17524563},
    pmid = {24454545},
    keywords = {Bird, Climate change, Evolution, Phenology, Phenotypic plasticity, Selection, Timing of breeding, Timing of migration}
}

@article{Gienapp2008a,
    title = {{Climate change and evolution: Disentangling environmental and genetic responses}},
    year = {2008},
    journal = {Molecular Ecology},
    author = {Gienapp, Phillip and Teplitsky, C. and Alho, J. S. and Mills, J. A. and Meril{\"{a}}, Juha},
    number = {1},
    pages = {167--178},
    volume = {17},
    isbn = {1365-294X},
    doi = {10.1111/j.1365-294X.2007.03413.x},
    issn = {09621083},
    pmid = {18173499},
    keywords = {Breeding value, Climate change, Haldane, Heritability, Phenotypic plasticity, Quantitative genetics}
}

@article{Merila2016a,
    title = {{Evolutionary Impacts of Climate Change}},
    year = {2016},
    author = {Meril{\"{a}}, Juha and Hoffmann, Ary A.},
    number = {January},
    pages = {1--19},
    volume = {1},
    url = {http://environmentalscience.oxfordre.com/view/10.1093/acrefore/9780199389414.001.0001/acrefore-9780199389414-e-136},
    isbn = {9780199389414},
    doi = {10.1093/acrefore/9780199389414.013.136}
}

@article{Reed2015a,
    title = {{Density dependence and microevolution interactively determine effects of phenology mismatch on population dynamics}},
    year = {2015},
    journal = {Oikos},
    author = {Reed, Thomas E. and Gienapp, Phillip and Visser, Marcel E.},
    number = {1},
    pages = {81--91},
    volume = {124},
    isbn = {1600-0706},
    doi = {10.1111/oik.01398},
    issn = {16000706}
}

@article{Menzel1999a,
    title = {{Growing season extended in Europe}},
    year = {1999},
    journal = {Nature},
    author = {Menzel, Annette and Fabian, Peter},
    number = {6721},
    pages = {659--659},
    volume = {397},
    url = {http://www.nature.com/doifinder/10.1038/17709},
    isbn = {0028-0836},
    doi = {10.1038/17709},
    issn = {0028-0836},
    pmid = {443}
}

@article{Senner2017a,
    title = {{Ecological mismatches are moderated by local conditions for two populations of a long-distance migratory bird}},
    year = {2017},
    journal = {Oikos},
    author = {Senner, Nathan R. and Stager, Maria and Sandercock, Brett K.},
    number = {1},
    pages = {61--72},
    volume = {126},
    isbn = {6503251521},
    doi = {10.1111/oik.03325},
    issn = {16000706},
    arxivId = {10.1111/ecog.02097}
}

@article{Cadahia2017a,
    title = {{Advancement of spring arrival in a long-term study of a passerine bird: sex, age and environmental effects}},
    year = {2017},
    journal = {Oecologia},
    author = {Cadah{\'{i}}a, Luis and Labra, Antonieta and Knudsen, Endre and Nilsson, Anna and Lampe, Helene M. and Slagsvold, Tore and Stenseth, Nils Chr},
    number = {4},
    pages = {917--929},
    volume = {184},
    publisher = {Springer Berlin Heidelberg},
    isbn = {0123456789},
    doi = {10.1007/s00442-017-3922-4},
    issn = {00298549},
    keywords = {Mixed-effects models, NAO, NDVI, Phenology, Protandry, Quantile regression, Rainfall, Repeatability, Temperature}
}

@article{Murren2015a,
    title = {{Constraints on the evolution of phenotypic plasticity: limits and costs of phenotype and plasticity}},
    year = {2015},
    journal = {Heredity},
    author = {Murren, C J and Auld, Josh R. and Callahan, H and Ghalambor, C.K and Handelsman, C A and Heskel, M A and Kingsolver, Joel G. and Maclean, H J and Masel, J and Maughan, H and Pfennig, D W and Relyea, R A and Seiter, S and Snell-Rood, E and Steiner, U K and Schlichting, C D},
    number = {4},
    pages = {293--301},
    volume = {115},
    publisher = {Nature Publishing Group},
    url = {http://www.nature.com/doifinder/10.1038/hdy.2015.8},
    isbn = {0018-067X},
    doi = {10.1038/hdy.2015.8},
    issn = {0018-067X},
    pmid = {25690179}
}

@article{Woodworth2017a,
    title = {{Winter temperatures limit population growth rate of a migratory songbird}},
    year = {2017},
    journal = {Nature Communications},
    author = {Woodworth, Bradley K. and Wheelwright, Nathaniel T. and Newman, Amy E. and Schaub, Michael and Norris, D. Ryan},
    pages = {14812},
    volume = {8},
    publisher = {Nature Publishing Group},
    url = {http://www.nature.com/doifinder/10.1038/ncomms14812},
    doi = {10.1038/ncomms14812},
    issn = {2041-1723},
    pmid = {28317843}
}

@article{Garamszegi2017a,
    title = {{Partitioning within-species variance in behaviour to within- and between-population components for understanding evolution}},
    year = {2017},
    journal = {Ecology Letters},
    author = {Garamszegi, László Zsolt and M{\o}ller, Anders Pape},
    number = {5},
    pages = {599--608},
    volume = {20},
    doi = {10.1111/ele.12758},
    issn = {14610248},
    keywords = {ecological plasticity, life history, mixed-models, pace of life syndromes, personality, repeatability, variation in behaviour}
}

@article{Davis2005a,
    title = {{Evolutionary responses to climate change.}},
    year = {2005},
    journal = {Ecology},
    author = {Gienapp, Phillip and Meril{\"{a}}, Juha},
    pages = {1704–1714},
    volume = {86}
}

@article{Rushing2016,
    title = {{Winter habitat quality but not long- ­ distance dispersal ­ influences apparent reproductive success in a migratory bird}},
    year = {2016},
    journal = {Ecology},
    author = {Rushing, Clark S. and Marra, Peter P. and Dudash, Michele R.},
    number = {5},
    pages = {1218--1227},
    volume = {97},
    url = {http://doi.wiley.com/10.1890/15-1259.1},
    isbn = {978-1-107-05799-1},
    doi = {10.1890/15-1259.1},
    issn = {0012-9658},
    pmid = {25246403},
    arxivId = {arXiv:1011.1669v3},
    keywords = {aster models, breeding dispersal, carry-over effects, deuterium, dispersal, long-distance dispersal, natal, seasonal interactions}
}

@article{Allegue2017,
    title = {{Statistical Quantification of Individual Differences (SQuID): an educational and statistical tool for understanding multilevel phenotypic data in linear mixed models}},
    year = {2017},
    journal = {Methods in Ecology and Evolution},
    author = {Allegue, Hassen and Araya-Ajoy, Yimen G. and Dingemanse, Niels J. and Dochtermann, Ned A. and Garamszegi, László Zsolt and Nakagawa, Shinichi and R{\'{e}}ale, Denis and Schielzeth, Holger and Westneat, David F.},
    number = {2},
    pages = {257--267},
    volume = {8},
    doi = {10.1111/2041-210X.12659},
    issn = {2041210X},
    keywords = {individual differences, linear mixed-effects modelling, model fitting, multilevel data, personality, phenotypic equation, phenotypic plasticity, reaction norm, repeatability, variance components}
}

@article{Clermont2017a,
    title = {{Plasticity in laying dates of Canada Geese in response to spring phenology}},
    year = {2017},
    author = {Clermont, Jeanne and R{\'{e}}ale, Denis and Giroux, Jean-François},
    isbn = {0000000154871},
    doi = {10.1111/ijlh.12426},
    issn = {18196608},
    pmid = {27935037},
    arxivId = {arXiv:physics/0608246v3},
    archivePrefix = {arXiv},
    eprint = {0608246v3},
    primaryClass = {physics},
    keywords = {MIMO-OFDM, Peak-average power ratio, SCS, Space-time-frequency block codes}
}

@article{Zsebok2017,
    title = {{Short- and long-term repeatability and pseudo-repeatability of bird song: sensitivity of signals to varying environments}},
    year = {2017},
    journal = {Behavioral Ecology and Sociobiology},
    author = {Zseb{\H{o}}k, Sándor and Herczeg, Gábor and Bl{\'{a}}zi, György and Laczi, Miklós and Nagy, Gergely and Sz{\'{a}}sz, Eszter and Mark{\'{o}}, Gábor and T{\"{o}}r{\"{o}}k, János and Garamszegi, László Zsolt},
    number = {10},
    volume = {71},
    isbn = {0340-5443},
    doi = {10.1007/s00265-017-2379-0},
    issn = {03405443},
    keywords = {Acoustic communication, Good gene models of sexual selection, Mate choice, Mixed models, Personality, Plasticity}
}

@article{Valladares2014a,
    title = {{The effects of phenotypic plasticity and local adaptation on forecasts of species range shifts under climate change}},
    year = {2014},
    journal = {Ecology Letters},
    author = {Valladares, Fernando and Matesanz, Silvia and Guilhaumon, François and Ara{\'{u}}jo, Miguel B. and Balaguer, Luis and Benito-Garz{\'{o}}n, Marta and Cornwell, Will and Gianoli, Ernesto and van Kleunen, Mark and Naya, Daniel E. and Nicotra, Adrienne B. and Poorter, Hendrik and Zavala, Miguel A.},
    number = {11},
    pages = {1351--1364},
    volume = {17},
    isbn = {1461-0248},
    doi = {10.1111/ele.12348},
    issn = {14610248},
    pmid = {25205436},
    keywords = {Climate change, Climate variability hypothesis, Ecological niche models, Intraspecific variation, Local adaptation, Niche, Phenotypic plasticity, Population differentiation}
}

@article{Grant1993a,
    title = {{Evolution of Darwin's Finches Caused by a Rare Climatic Event}},
    year = {1993},
    journal = {Proceedings of the Royal Society B: Biological Sciences},
    author = {Grant, Rosemary B. and Grant, Peter R},
    number = {1331},
    pages = {111--117},
    volume = {251},
    url = {http://rspb.royalsocietypublishing.org/cgi/doi/10.1098/rspb.1993.0016},
    isbn = {0962-8452},
    doi = {10.1098/rspb.1993.0016},
    issn = {0962-8452},
    pmid = {18027281}
}

@article{Boag1984a,
    title = {{Darwin ' s Finches ( Geospiza ) On Isla Daphne Major , Galapagos : Breeding and Feeding Ecology in a Climatically Variable Environment Author ( s ): Peter T . Boag and Peter R . Grant Published by : Ecological Society of America Stable URL : http://www.js}},
    year = {1984},
    journal = {Ecological Monograph},
    author = {Boag, Peter T and Grant, Peter R},
    number = {4},
    pages = {463--489},
    volume = {54}
}

@article{Delong2016,
    title = {{How fast is fast? Eco-evolutionary dynamics and rates of change in populations and phenotypes}},
    year = {2016},
    journal = {Ecology and Evolution},
    author = {Delong, John P. and Forbes, Valery E. and Galic, Nika and Gibert, Jean P. and Laport, Robert G. and Phillips, Joseph S. and Vavra, Janna M.},
    number = {2},
    pages = {573--581},
    volume = {6},
    isbn = {20457758},
    doi = {10.1002/ece3.1899},
    issn = {20457758},
    pmid = {26843940},
    keywords = {Eco-evolutionary dynamics, Evolutionary constraint, Evolutionary rate, Population dynamics, Rapid evolution, Taylor's power law}
}

@article{Brookfield2016,
    title = {{Why are estimates of the strength and direction of natural selection from wild populations not congruent with observed rates of phenotypic change?}},
    year = {2016},
    journal = {BioEssays},
    author = {Brookfield, John F.Y.},
    number = {9},
    pages = {927--934},
    volume = {38},
    isbn = {0265-9247},
    doi = {10.1002/bies.201600017},
    issn = {15211878},
    pmid = {27401716},
    keywords = {G matrices, environmental covariance, evolutionary rates, natural selection, phenotypes, pleiotropy, selective gradients}
}

@article{Souchay2017a,
    title = {{Identifying drivers of breeding success in a long-distance migrant using structural equation modelling}},
    year = {2017},
    journal = {Oikos},
    author = {Souchay, Guillaume and van Wijk, Rien E. and Schaub, Michael and Bauer, Silke},
    pages = {125--133},
    isbn = {6503251521},
    doi = {10.1111/oik.04247},
    issn = {16000706}
}

@article{Fontaine2009a,
    title = {{Spatial and temporal variation in climate change: A bird's eye view}},
    year = {2009},
    journal = {Climatic Change},
    author = {Fontaine, Joseph J. and Decker, Karie L. and Skagen, Susan K. and van Riper, Charles},
    number = {1},
    pages = {305--311},
    volume = {97},
    doi = {10.1007/s10584-009-9644-9},
    issn = {01650009}
}

@article{Goodenough2010a,
    title = {{Is adjustment of breeding phenology keeping pace with the need for change? Linking observed response in woodland birds to changes in temperature and selection pressure}},
    year = {2010},
    journal = {Climatic Change},
    author = {Goodenough, Anne Elizabeth and Hart, Adam G. and Stafford, Richard},
    number = {3},
    pages = {687--697},
    volume = {102},
    isbn = {0165-0009},
    doi = {10.1007/s10584-010-9932-4},
    issn = {01650009}
}

@article{Kallander2017a,
    title = {{Variation in laying date in relation to spring temperature in three species of tits (Paridae) and pied flycatchers Ficedula hypoleuca in southernmost Sweden}},
    year = {2017},
    journal = {Journal of Avian Biology},
    author = {K{\"{a}}llander, Hans and Hasselquist, Dennis and Hedenstr{\"{o}}m, Anders and Nord, Andreas and Smith, Henrik G. and Nilsson, Jan Åke},
    number = {1},
    pages = {83--90},
    volume = {48},
    doi = {10.1111/jav.01287},
    issn = {1600048X}
}

@article{Goodenough2009a,
    title = {{The challenges of conservation for declining migrants: Are reserve-based initiatives during the breeding season appropriate for the pied flycatcher ficedula hypoleuca?}},
    year = {2009},
    journal = {Ibis},
    author = {Goodenough, Anne Elizabeth and Elliot, Simon L. and Hart, Adam G.},
    number = {3},
    pages = {429--439},
    volume = {151},
    isbn = {0019-1019},
    doi = {10.1111/j.1474-919X.2009.00917.x},
    issn = {00191019},
    keywords = {Breeding success, North Atlantic Oscillation (NAO), Population dynamics}
}

@article{Simmonds2017a,
    title = {{Incubation behavior adjustments, driven by ambient temperature variation, improve synchrony between hatch dates and caterpillar peak in a wild bird population}},
    year = {2017},
    journal = {Ecology and Evolution},
    author = {Simmonds, Emily G. and Sheldon, Ben C. and Coulson, Tim and Cole, Ella F.},
    number = {22},
    pages = {9415--9425},
    volume = {7},
    doi = {10.1002/ece3.3446},
    issn = {20457758},
    keywords = {climate change, great tits (Parus major), incubation behavior, mismatch, phenology, phenotypic plasticity}
}

@book{Lundberg1992,
    title = {{The Pied Flycatcher}},
    year = {1992},
    author = {Lundberg, Arne and Alatalo, Rauno V.},
    edition = {T. {\&} A. D.},
    pages = {267},
    publisher = {Poyser, London}
}

@article{Karlsson1986,
    title = {{Ageing and sexing in pied flycatchers, Ficedula hypoleuca}},
    year = {1986},
    journal = {Var Fagelv{\"{a}}rld},
    author = {Karlsson, Lennart and Persson, Karin and Walinder, Göran},
    pages = {131--146},
    volume = {45}
}

@article{Reed2016,
    title = {{Testing for biases in selection on avian reproductive traits and partitioning direct and indirect selection using quantitative genetic models}},
    year = {2016},
    journal = {Evolution},
    author = {Reed, Thomas E. and Gienapp, Phillip and Visser, Marcel E.},
    number = {10},
    pages = {2211--2225},
    volume = {70},
    isbn = {0014-3820},
    doi = {10.1111/evo.13017},
    issn = {15585646},
    pmid = {27464856},
    keywords = {Climate change, fitness, genetic correlation, heritability, microevolution, phenology}
}

@article{Ahola2012a,
    title = {{Selection on laying date is connected to breeding density in the pied flycatcher}},
    year = {2012},
    journal = {Oecologia},
    author = {Ahola, Markus P. and Laaksonen, Toni and Eeva, Tapio and Lehikoinen, Esa},
    number = {3},
    pages = {703--710},
    volume = {168},
    isbn = {0044201121355},
    doi = {10.1007/s00442-011-2135-5},
    issn = {00298549},
    pmid = {21987266},
    keywords = {Climate, Ficedula hypoleuca, Recruitment, Spring temperature, Temporal trends}
}

@article{Chevin2010a,
    title = {{Adaptation, plasticity, and extinction in a changing environment: Towards a predictive theory}},
    year = {2010},
    journal = {PLoS Biology},
    author = {Chevin, Luis Miguel and Lande, Russell and Mace, Georgina M.},
    number = {4},
    volume = {8},
    isbn = {0028-646X{\textbackslash}n1469-8137},
    doi = {10.1371/journal.pbio.1000357},
    issn = {15449173},
    pmid = {1418097585842656351}
}

@article{MacColl2011,
    title = {{The ecological causes of evolution}},
    year = {2011},
    journal = {Trends in Ecology and Evolution},
    author = {MacColl, Andrew D C},
    number = {10},
    pages = {514--522},
    volume = {26},
    isbn = {0169-5347},
    doi = {10.1016/j.tree.2011.06.009},
    issn = {01695347},
    pmid = {21763030},
    arxivId = {3019}
}

@article{Grueber2011,
    title = {{Multimodel inference in ecology and evolution: Challenges and solutions}},
    year = {2011},
    journal = {Journal of Evolutionary Biology},
    author = {Grueber, C. E. and Nakagawa, Shinichi and Laws, R. J. and Jamieson, I. G.},
    number = {4},
    pages = {699--711},
    volume = {24},
    isbn = {1420-9101},
    doi = {10.1111/j.1420-9101.2010.02210.x},
    issn = {1010061X},
    pmid = {21272107},
    keywords = {Akaike Information Criterion, Generalized linear mixed models, Inbreeding, Information theory, Lethal equivalents, Model averaging, Random factors, Standardized predictors}
}

@article{Winkler2014,
    title = {{Latitudinal variation in clutch size-lay date regressions in Tachycineta swallows: Effects of food supply or demography?}},
    year = {2014},
    journal = {Ecography},
    author = {Winkler, David W. and Ringelman, Kevin M. and Dunn, Peter O and Whittingham, Linda A and Hussell, David J T and Clark, Robert G. and Dawson, Russell D. and Johnson, L. Scott and Rose, Alexandra and Austin, Suzanne H. and Robinson, W. Douglas and Lombardo, Michael P. and Thorpe, Patrick A. and Shutler, Dave and Robertson, Raleigh J. and Stager, Maria and Leonard, Marty and Horn, Andrew G. and Dickinson, Janis and Ferretti, Valentina and Massoni, Viviana and Bulit, Florencia and Reboreda, Juan C. and Liljesthr{\"{o}}m, Marcela and Quiroga, Martin and Rakhimberdiev, Eldar and Ardia, Daniel R.},
    number = {7},
    pages = {670--678},
    volume = {37},
    isbn = {1600-0587},
    doi = {10.1111/j.1600-0587.2013.00458.x},
    issn = {16000587}
}

@article{Salvador2017,
    title = {{Taxonomy of the European Pied Flycatcher Ficedula hypoleuca (Aves: Muscicapidae)}},
    year = {2017},
    journal = {Zootaxa},
    author = {Salvador, Rodrigo B. and Van Der Jeugd, Henk and Tomotani, Barbara M.},
    number = {1},
    pages = {171--182},
    volume = {4291},
    doi = {10.11646/zootaxa.4291.1.10},
    issn = {11755334},
    keywords = {Ficedula hypoleuca, Motacilla hypoleuca, Passeriformes, Type locality}
}

@article{Marrot2018a,
    title = {{Current Spring Warming as a Driver of Selection on Reproductive Timing in a Wild Passerine}},
    year = {2018},
    journal = {Journal of Animal Ecology},
    author = {Marrot, Pascal and Charmantier, Anne and Blondel, Jacques and Garant, Dany},
    isbn = {0000000154871},
    doi = {10.1111/ijlh.12426},
    issn = {18196608},
    pmid = {27935037},
    arxivId = {arXiv:physics/0608246v3},
    archivePrefix = {arXiv},
    eprint = {0608246v3},
    primaryClass = {physics}
}

@article{Berenos2014,
    title = {{Estimating quantitative genetic parameters in wild populations: A comparison of pedigree and genomic approaches}},
    year = {2014},
    journal = {Molecular Ecology},
    author = {B{\'{e}}r{\'{e}}nos, Camillo and Ellis, Philip A. and Pilkington, Jill G. and Pemberton, Josephine M.},
    number = {14},
    pages = {3434--3451},
    volume = {23},
    isbn = {1365-294X},
    doi = {10.1111/mec.12827},
    issn = {1365294X},
    pmid = {24917482},
    keywords = {SNP genotyping, body size, genetic architecture, genomic relatedness, heritability, maternal genetic effect}
}

@article{Rushing2015a,
    title = {{Annual variation in long-distance dispersal driven by breeding and non-breeding season climatic conditions in a migratory bird}},
    year = {2015},
    journal = {Ecography},
    author = {Rushing, Clark S. and Dudash, Michele R. and Studds, Colin E. and Marra, Peter P.},
    number = {10},
    pages = {1006--1014},
    volume = {38},
    isbn = {1600-0587},
    doi = {10.1111/ecog.01196},
    issn = {16000587}
}

@article{Oberg2015,
    title = {{Rainfall during parental care reduces reproductive and survival components of fitness in a passerine bird}},
    year = {2015},
    journal = {Ecology and Evolution},
    author = {{\"{O}}berg, Meit and Arlt, Debora and P{\"{a}}rt, Tomas and Laugen, Ane T. and Eggers, Sönke and Low, Matthew},
    number = {2},
    pages = {345--356},
    volume = {5},
    isbn = {2045-7758},
    doi = {10.1002/ece3.1345},
    issn = {20457758},
    pmid = {25691962},
    keywords = {Feeding frequency, Offspring, Precipitation, Provisioning, Weather, Wheatear}
}

@article{Franks2017a,
    title = {{The sensitivity of breeding songbirds to changes in seasonal timing is linked to population change but cannot be directly attributed to the effects of trophic asynchrony on productivity}},
    year = {2017},
    journal = {Global Change Biology},
    author = {Franks, Samantha E. and Pearce-Higgins, James W. and Atkinson, Sian and Bell, James R. and Botham, Marc S. and Brereton, Tom M. and Harrington, Richard and Leech, Dave I.},
    number = {March},
    isbn = {1365-2486},
    doi = {10.1111/gcb.13960},
    issn = {13652486},
    keywords = {Citizen science, Climate change, Demography, Migration, Mismatch hypothesis, Phenology, Population change, Trophic asynchrony}
}

@article{Tomotani2016a,
    title = {{Climate change relaxes the time constraints for late-born offspring in a long-distance migrant}},
    year = {2016},
    journal = {Proceedings of the Royal Society B: Biological Sciences},
    author = {Tomotani, Barbara M. and Gienapp, Phillip and Beersma, Domien G. M. and Visser, Marcel E.},
    number = {1839},
    pages = {20161366},
    volume = {283},
    url = {http://rspb.royalsocietypublishing.org/lookup/doi/10.1098/rspb.2016.1366},
    isbn = {0962-8452 (Print){\textbackslash}r0962-8452 (Linking)},
    doi = {10.1098/rspb.2016.1366},
    issn = {0962-8452},
    pmid = {27655765},
    keywords = {behaviour, ecology, evolution}
}

@article{Jrgensen2016a,
    title = {{Continent-scale global change attribution in European birds - combining annual and decadal time scales}},
    year = {2016},
    journal = {Global Change Biology},
    author = {J{\o}rgensen, Peter Søgaard and B{\"{o}}hning-Gaese, Katrin and Thorup, Kasper and T{\o}ttrup, Anders P. and Chylarecki, Przemysław and Jiguet, Frédéric and Lehikoinen, Aleksi and Noble, David G. and Reif, Jiri and Schmid, Hans and Van Turnhout, Chris A. M. and Burfield, Ian J. and Foppen, Ruud and Vo{\v{r}}{\'{i}}{\v{s}}ek, Petr and van Strien, Arco J. and Gregory, Richard D. and Rahbek, Carsten},
    number = {2},
    pages = {530--543},
    volume = {22},
    doi = {10.1111/gcb.13097},
    issn = {13652486},
    pmid = {26486804},
    keywords = {Citizen science, Climate change, Farmland birds, Global change attribution, Land-use change, Multiple temporal scales, Multiscale inference, Population time series}
}

@article{DeVillemereuil2016,
    title = {{General methods for evolutionary quantitative genetic inference from generalized mixed models}},
    year = {2016},
    journal = {Genetics},
    author = {de Villemereuil, Pierre and Schielzeth, Holger and Nakagawa, Shinichi and Morrissey, Michael B.},
    number = {3},
    pages = {1281--1294},
    volume = {204},
    isbn = {0000000277655},
    doi = {10.1534/genetics.115.186536},
    issn = {19432631},
    pmid = {27591750},
    keywords = {Additive genetic variance, Evolution, G matrix, Generalized linear model, Quantitative genetics, Statistics, Theory}
}

@article{Blackburn2016a,
    title = {{High within-winter and annual survival rates in a declining Afro-Palaearctic migratory bird suggest that wintering conditions do not limit populations}},
    year = {2016},
    journal = {Ibis},
    author = {Blackburn, Emma and Cresswell, Will},
    number = {1},
    pages = {92--105},
    volume = {158},
    isbn = {1474-919X},
    doi = {10.1111/ibi.12319},
    issn = {1474919X},
    keywords = {Afro-Palaearctic migrant, Whinchat, overwinter survival, population dynamics, winter ecology}
}

@article{Gladalski2014a,
    title = {{Extreme weather event in spring 2013 delayed breeding time of Great Tit and Blue Tit}},
    year = {2014},
    journal = {International Journal of Biometeorology},
    author = {Gl{\c{a}}dalski, Michał and Ba{\'{n}}bura, Mirosława and Kali{\'{n}}ski, Adam and Markowski, Marcin and Skwarska, Joanna and Wawrzyniak, Jarosław and Zieli{\'{n}}ski, Piotr and Ba{\'{n}}bura, Jerzy},
    number = {10},
    pages = {2169--2173},
    volume = {58},
    isbn = {0020-7128},
    doi = {10.1007/s00484-014-0816-6},
    issn = {00207128},
    pmid = {24659171},
    keywords = {Blue Tit, Climate change, Cyanistes caeruleus, Great Tit, Laying date, Parus major}
}

@article{Mitchell2017a,
    title = {{Is behavioural plasticity consistent across different environmental gradients and through time?}},
    year = {2017},
    journal = {Proceedings of the Royal Society B: Biological Sciences},
    author = {Mitchell, David J. and Biro, Peter A.},
    number = {1860},
    pages = {20170893},
    volume = {284},
    url = {http://rspb.royalsocietypublishing.org/lookup/doi/10.1098/rspb.2017.0893},
    doi = {10.1098/rspb.2017.0893},
    issn = {0962-8452}
}

@article{Tomotani2017a,
    title = {{Early arrival is not associated with more extra-pair fertilizations in a long-distance migratory bird}},
    year = {2017},
    journal = {Journal of Avian Biology},
    author = {Tomotani, Barbara M. and Caglar, Ezra and de la Hera, Iván and Mateman, A. Christa and Visser, Marcel E.},
    number = {6},
    pages = {854--861},
    volume = {48},
    isbn = {6503251521},
    doi = {10.1111/jav.01317},
    issn = {1600048X}
}

@article{Cohen2018a,
    title = {{A global synthesis of phenological responses to climate change}},
    year = {2018},
    author = {Cohen, Jeremy M. and Lajeunesse, Marc J. and Rohr, Jason R.},
    pages = {1--20},
    isbn = {3131748079},
    doi = {10.1890/15-0688},
    issn = {0308-8146},
    pmid = {1000164161},
    keywords = {authors, chan a, foster a, heather, higo a, honey bee, leonard j, man yi chan b, mass spectrometry, michelle logan c, proteomics, queenie w, t, yuan fang a}
}

@article{Coppack2004a,
    title = {{Photoperiodic Response and the Adaptability of Avian Life Cycles to Environmental Change}},
    year = {2004},
    journal = {Advances in Ecological Research},
    author = {Coppack, Timothy and Pulido, Francisco},
    number = {04},
    pages = {131--150},
    volume = {35},
    isbn = {0120139359},
    doi = {10.1016/S0065-2504(04)35007-5},
    issn = {00652504}
}

@article{Coppack2003a,
    title = {{Photoperiodic response may facilitate adaptation to climatic change in long-distance migratory birds}},
    year = {2003},
    journal = {Proceedings of the Royal Society B: Biological Sciences},
    author = {Coppack, Timothy and Pulido, Francisco and Czisch, M. and Auer, D. P. and Berthold, Peter},
    number = {Suppl{\_}1},
    pages = {S43-S46},
    volume = {270},
    url = {http://rspb.royalsocietypublishing.org/cgi/doi/10.1098/rsbl.2003.0005},
    isbn = {0962-8452 (Print)},
    doi = {10.1098/rsbl.2003.0005},
    issn = {0962-8452},
    pmid = {12952632},
    keywords = {adaptive evolution, circannual rhythms, ficedula hypoleuca, phoenicurus phoenicurus, reaction norm, sylvia borin}
}

@article{Hurrell1997a,
    title = {{Decadal variations in climate associated with the North Atlantic Oscillation}},
    year = {1997},
    journal = {Climatic Change at High Elevation Sites},
    author = {Hurrell, James W. and Van Loon, Harry},
    number = {3-4},
    pages = {301--326},
    volume = {36},
    isbn = {0165-0009},
    doi = {10.1023/a:1005314315270},
    issn = {0165-0009},
    pmid = {1284},
    arxivId = {arXiv:astro-ph/0005074v1},
    archivePrefix = {arXiv},
    eprint = {0005074v1},
    primaryClass = {astro-ph},
    keywords = {ATMOSPHERIC CIRCULATION, CIRCULATION, EL-NINO, GREENLAND ICE-SHEET, HEAT-FLUX, HEMISPHERE, INTERDECADAL VARIABILITY, MEAN TEMPERATURE, SEA-LEVEL PRESSURE, SOUTHERN OSCILLATION, SURFACE-TEMPERATURE}
}

@article{Morrissey2012,
    title = {{Directional selection in temporally replicated studies is remarkably consistent}},
    year = {2012},
    journal = {Evolution},
    author = {Morrissey, Michael B. and Hadfield, Jarrod D.},
    number = {2},
    pages = {435--442},
    volume = {66},
    isbn = {1558-5646},
    doi = {10.1111/j.1558-5646.2011.01444.x},
    issn = {00143820},
    pmid = {22276539},
    keywords = {Directional selection, Meta-analysis, Repeatability, Selection, Temporal variation}
}

@article{Siepielski2009,
    title = {{It's about time: The temporal dynamics of phenotypic selection in the wild}},
    year = {2009},
    journal = {Ecology Letters},
    author = {Siepielski, Adam M. and Dibattista, Joseph D. and Carlson, Stephanie M.},
    number = {11},
    pages = {1261--1276},
    volume = {12},
    isbn = {1461-0248},
    doi = {10.1111/j.1461-0248.2009.01381.x},
    issn = {1461023X},
    pmid = {19740111},
    keywords = {Adaptation, Climate, Demography, Divergence, Environmental variation, Evolution, Natural selection, Sexual selection, Temporal variation}
}

@article{Hendry1999,
    title = {{Perspective : The Pace of Modern Life : Measuring Rates of Contemporary Microevolution}},
    year = {1999},
    journal = {Evolution},
    author = {Hendry, Andrew P. and Kinnison, Michael T.},
    number = {6},
    pages = {1637--1653},
    volume = {53},
    isbn = {0014-3820},
    doi = {Doi 10.2307/2640428},
    issn = {0016-6707},
    keywords = {-darwins, 1998, 1999, accepted june 10, as a matter offact, do animals evolve in, evolutionary rates, haldanes, how fast, microevolution, nature, population divergence, rapid evolution, received october 5}
}

@article{Ellner2011,
    title = {{Does rapid evolution matter? Measuring the rate of contemporary evolution and its impacts on ecological dynamics}},
    year = {2011},
    journal = {Ecology Letters},
    author = {Ellner, Stephen P. and Geber, Monica A. and Hairston, Nelson G.},
    number = {6},
    pages = {603--614},
    volume = {14},
    isbn = {1461-0248},
    doi = {10.1111/j.1461-0248.2011.01616.x},
    issn = {1461023X},
    pmid = {21518209},
    keywords = {Contemporary evolution, Countergradient selection, Dynamic heterogeneity, Evolutionary rates, Phenotypic plasticity, Price Equation, Rapid evolution}
}

@article{Benkman2013b,
    title = {{Biotic interaction strength and the intensity of selection}},
    year = {2013},
    journal = {Ecology Letters},
    author = {Benkman, Craig W.},
    number = {8},
    pages = {1054--1060},
    volume = {16},
    url = {http://doi.wiley.com/10.1111/ele.12138},
    isbn = {1461-023X},
    doi = {10.1111/ele.12138},
    issn = {1461023X},
    pmid = {23763752},
    keywords = {1054, 1060, 16, 2013, antagonistic interactions, ecology letters, mutualistic interactions, opportunity for selection, seed dispersal, seed predation, selection differentials}
}

@article{Siepielski2011a,
    title = {{Differences in the temporal dynamics of phenotypic selection among fitness components in the wild}},
    year = {2011},
    journal = {Proceedings of the Royal Society B: Biological Sciences},
    author = {Siepielski, Adam M. and Dibattista, Joseph D. and Evans, J. A. and Carlson, S. M.},
    number = {1711},
    pages = {1572--1580},
    volume = {278},
    url = {http://rspb.royalsocietypublishing.org/cgi/doi/10.1098/rspb.2010.1973},
    isbn = {0962-8452},
    doi = {10.1098/rspb.2010.1973},
    issn = {0962-8452},
    pmid = {21047862},
    keywords = {adaptation, fecundity, mating success, natural selection, sexual selection}
}

@article{Kingsolver2011a,
    title = {{Phenotypic Selection in Natural Populations: What Limits Directional Selection?}},
    year = {2011},
    journal = {The American Naturalist},
    author = {Kingsolver, Joel G. and Diamond, Sarah E.},
    number = {3},
    pages = {346--357},
    volume = {177},
    url = {http://www.journals.uchicago.edu/doi/10.1086/658341},
    isbn = {00030147},
    doi = {10.1086/658341},
    issn = {0003-0147},
    pmid = {21460543},
    keywords = {adaptation, fitness trade-offs, lection, microevolution, natural se-, phenotypic selection}
}

@article{Bell2010a,
    title = {{Fluctuating selection: the perpetual renewal of adaptation in variable environments}},
    year = {2010},
    journal = {Philosophical Transactions of the Royal Society B: Biological Sciences},
    author = {Bell, Graham},
    number = {1537},
    pages = {87--97},
    volume = {365},
    url = {http://rstb.royalsocietypublishing.org/cgi/doi/10.1098/rstb.2009.0150},
    isbn = {1471-2970 (Electronic){\textbackslash}n0962-8436 (Linking)},
    doi = {10.1098/rstb.2009.0150},
    issn = {0962-8436},
    pmid = {20008388},
    keywords = {1, environmental variation, evolutionary biology is to, fluctuating selection, infinitesimal model, natural selection, oligogenic model, selection coefficient, the central problem of, the tradition of gradualism}
}

@article{Kingsolver2001,
    title = {{The Strength of Phenotypic Selection in Natural Populations}},
    year = {2001},
    journal = {American Naturalist},
    author = {Kingsolver, Joel G. and Hoekstra, H E and Hoekstra, J M and Berrigan, D and Vignieri, S N and Hill, C E and Hoang, A and Gibert, P and Beerli, P},
    number = {3},
    pages = {245--261},
    volume = {157},
    isbn = {0003-0147},
    doi = {10.1086/319193},
    issn = {0003-0147},
    pmid = {18707288},
    keywords = {abstract, for, from 1984 through 1997, how strong is phenotypic, in the wild, microevolution, natural populations, natural selection, phenotypic selection, selection on quantitative traits, sexual selection, we reviewed the literature}
}

@article{Carrete2016,
    title = {{Heritability of fear of humans in urban and rural populations of a bird species}},
    year = {2016},
    journal = {Scientific Reports},
    author = {Carrete, Martina and Mart{\'{i}}nez-Padilla, Jesús and Rodr{\'{i}}guez-Mart{\'{i}}nez, Sol and Rebolo-Ifr{\'{a}}n, Natalia and Palma, Antonio and Tella, José L.},
    pages = {1--6},
    volume = {6},
    publisher = {Nature Publishing Group},
    url = {http://dx.doi.org/10.1038/srep31060},
    doi = {10.1038/srep31060},
    issn = {20452322}
}

@article{Morrissey2016a,
    title = {{Meta-analysis of magnitudes, differences and variation in evolutionary parameters}},
    year = {2016},
    journal = {Journal of Evolutionary Biology},
    author = {Morrissey, Michael B.},
    number = {10},
    pages = {1882--1904},
    volume = {29},
    doi = {10.1111/jeb.12950},
    issn = {14209101},
    pmid = {27726237},
    keywords = {meta-analysis, natural selection, reaction norms, synthesis}
}

@article{Dingemanse2013,
    title = {{Quantifying individual variation in behaviour: Mixed-effect modelling approaches}},
    year = {2013},
    journal = {Journal of Animal Ecology},
    author = {Dingemanse, Niels J. and Dochtermann, Ned A.},
    number = {1},
    pages = {39--54},
    volume = {82},
    isbn = {1365-2656},
    doi = {10.1111/1365-2656.12013},
    issn = {00218790},
    pmid = {23171297},
    arxivId = {NIHMS150003},
    keywords = {Accuracy, Metabolism, Mixed-effect model, Multi-response model, Personality, Physiology, Plasticity, Random regression, Reaction norm, Repeatability, Statistical power}
}

@article{Araya-Ajoy2015,
    title = {{An approach to estimate short-term, long-term and reaction norm repeatability}},
    year = {2015},
    journal = {Methods in Ecology and Evolution},
    author = {Araya-Ajoy, Yimen G. and Mathot, Kimberley J. and Dingemanse, Niels J.},
    number = {12},
    pages = {1462--1473},
    volume = {6},
    doi = {10.1111/2041-210X.12430},
    issn = {2041210X},
    keywords = {Heterogeneous residual variance, Mixed-effect modelling, Multidimensional reaction norms, Multilevel random regression, Phenotypic plasticity, Repeatability}
}

@article{Nakagawa2010,
    title = {{Repeatability for Gaussian and non-Gaussian data: A practical guide for biologists}},
    year = {2010},
    journal = {Biological Reviews},
    author = {Nakagawa, Shinichi and Schielzeth, Holger},
    number = {4},
    pages = {935--956},
    volume = {85},
    isbn = {1464-7931},
    doi = {10.1111/j.1469-185X.2010.00141.x},
    issn = {14647931},
    pmid = {20569253},
    keywords = {Analysis of variance (ANOVA), Confidence intervals, Credibility intervals, Generalised linear mixed-effects model (GLMM), Heritability, Intra-class correlation coefficient (ICC), Markov chain Monte Carlo (MCMC), Restricted maximum likelihood (REML), Statistical significance}
}

@article{Socolar2017a,
    title = {{Phenological shifts conserve thermal niches in North American birds and reshape expectations for climate-driven range shifts}},
    year = {2017},
    journal = {Proceedings of the National Academy of Sciences},
    author = {Socolar, Jacob B. and Epanchin, Peter N. and Beissinger, Steven R. and Tingley, Morgan W.},
    number = {49},
    pages = {201705897},
    volume = {114},
    url = {http://www.pnas.org/lookup/doi/10.1073/pnas.1705897114},
    doi = {10.1073/pnas.1705897114},
    issn = {0027-8424},
    pmid = {29133415}
}

@article{Caruso2017,
    title = {{What Are the Environmental Determinants of Phenotypic Selection? A Meta-analysis of Experimental Studies}},
    year = {2017},
    journal = {The American Naturalist},
    author = {Caruso, Christina M. and Martin, Ryan A. and Sletvold, Nina and Morrissey, Michael B. and Wade, Michael J. and Augustine, Kate E. and Carlson, Stephanie M. and MacColl, Andrew D. C. and Siepielski, Adam M. and Kingsolver, Joel G.},
    number = {3},
    pages = {000--000},
    volume = {190},
    url = {http://www.journals.uchicago.edu/doi/10.1086/692760},
    isbn = {1537-5323 (Electronic)0003-0147 (Linking)},
    doi = {10.1086/692760},
    issn = {0003-0147},
    pmid = {28829646},
    keywords = {causes of selection, directional selection, fi tness, natural, selection, selection gradient}
}

@article{Wilson2018,
    title = {{How should we interpret estimates of individual repeatability?}},
    year = {2018},
    journal = {Evolution Letters},
    author = {Wilson, Alastair J.},
    pages = {4--8},
    url = {http://doi.wiley.com/10.1002/evl3.40},
    doi = {10.1002/evl3.40},
    issn = {20563744},
    keywords = {behaviour, behavioural genetics, has been an explosion, in characterising the extent, lutionary and behavioural ecology, of interest in evo-, over recent years there, phenotypic plasticity, quantitative genetics, to}
}

@article{Valtonen2017a,
    title = {{Arrival and onset of breeding of three passerine birds in eastern Finland tracks climatic variation and phenology of insects}},
    year = {2017},
    journal = {Journal of Avian Biology},
    author = {Valtonen, Anu and Latja, Raimo and Leinonen, Reima and P{\"{o}}ys{\"{a}}, Hannu},
    number = {6},
    pages = {785--795},
    volume = {48},
    isbn = {6503251521},
    doi = {10.1111/jav.01128},
    issn = {1600048X},
    arxivId = {10.1111/ecog.02097}
}

@book{IPCC2014,
    title = {{Climate Change 2014: Synthesis Report. Contribution of Working Groups I, II and III to the Fifth Assessment Report of the Intergovernmental Panel on Climate Change}},
    year = {2014},
    booktitle = {Core Writing Team, R.K. Pachauri and L.A. Meyer},
    author = {{IPCC}},
    pages = {151},
    isbn = {9789291691432},
    doi = {10.1017/CBO9781107415324.004},
    issn = {0521 80767 0},
    pmid = {17429376},
    arxivId = {arXiv:1011.1669v3}
}

@article{Akaike1973,
    title = {{Information theory and an extension of the maximum likelihood principle}},
    year = {1973},
    author = {Akaike, H.}
}

@article{Botero2015a,
    title = {{Evolutionary tipping points in the capacity to adapt to environmental change}},
    year = {2015},
    journal = {Proceedings of the National Academy of Sciences},
    author = {Botero, Carlos A. and Weissing, Franz J. and Wright, Jonathan and Rubenstein, Dustin R.},
    number = {1},
    pages = {184--189},
    volume = {112},
    url = {http://www.pnas.org/lookup/doi/10.1073/pnas.1408589111},
    isbn = {1215421109},
    doi = {10.1073/pnas.1408589111},
    issn = {0027-8424},
    pmid = {25422451},
    arxivId = {arXiv:1408.1149}
}

@article{Bay2018a,
    title = {{Genomic signals of selection predict climate-driven population declines in a migratory bird}},
    year = {2018},
    journal = {Science},
    author = {Bay, Rachael A. and Harrigan, Ryan J. and Underwood, Vinh Le and Gibbs, H. Lisle and Smith, Thomas B. and Ruegg, Kristen},
    number = {6371},
    pages = {83--86},
    volume = {359},
    isbn = {2513019016},
    doi = {10.1126/science.aan4380},
    issn = {10959203},
    pmid = {29302012}
}

@article{Ricklefs2017,
    title = {{The adaptive significance of variation in avian incubation periods}},
    year = {2017},
    journal = {The Auk},
    author = {Ricklefs, Robert E. and Austin, Suzanne H. and Robinson, W. Douglas},
    number = {3},
    pages = {542--550},
    volume = {134},
    url = {http://www.bioone.org/doi/10.1642/AUK-16-171.1},
    doi = {10.1642/AUK-16-171.1},
    issn = {0004-8038},
    keywords = {development rate, embryo, life history, offspring conflict, parent, time-dependent mortality}
}

@article{Lopez-Calderon2017a,
    title = {{Wintering areas predict age-related breeding phenology in a migratory passerine bird}},
    year = {2017},
    journal = {Journal of Avian Biology},
    author = {L{\'{o}}pez-Calder{\'{o}}n, C. and Hobson, K. A. and Marzal, A. and Balbont{\'{i}}n, J. and Reviriego, M. and Magallanes, S. and Garc{\'{i}}a-Longoria, L. and de Lope, F. and M{\o}ller, Anders Pape},
    number = {5},
    pages = {631--639},
    volume = {48},
    isbn = {6503251521},
    doi = {10.1111/jav.01070},
    issn = {1600048X}
}

@article{Post2018a,
    title = {{Acceleration of phenological advance and warming with latitude over the past century}},
    year = {2018},
    journal = {Scientific Reports},
    author = {Post, Eric and Steinman, Byron A. and Mann, Michael E.},
    number = {1},
    pages = {3927},
    volume = {8},
    publisher = {Springer US},
    url = {http://www.nature.com/articles/s41598-018-22258-0},
    doi = {10.1038/s41598-018-22258-0},
    issn = {2045-2322}
}

@article{Chase2013a,
    title = {{Adapting to change}},
    year = {2013},
    journal = {PLoS Biology},
    author = {Chase, Jonathan M.},
    number = {7},
    pages = {20--21},
    volume = {11},
    isbn = {1749-4885},
    doi = {10.1038/nphoton.2010.302},
    issn = {00405116},
    pmid = {17393908}
}

@article{Gienapp2017,
    title = {{Environment-dependent genotype-phenotype associations in avian breeding time}},
    year = {2017},
    journal = {Frontiers in Genetics},
    author = {Gienapp, Phillip and Laine, Veronika N. and Mateman, A. C. and van Oers, Kees and Visser, Marcel E.},
    number = {AUG},
    pages = {1--9},
    volume = {8},
    doi = {10.3389/fgene.2017.00102},
    issn = {16648021},
    keywords = {Avian breeding time, GWAS, Genotype-by-environment interaction, Parus major, Phenotypic plasticity, Wild population}
}

@article{Thorley2015,
    title = {{Laying Date is a Plastic and Repeatable Trait in a Population of Blue Tits Cyanistes caeruleus}},
    year = {2015},
    journal = {Ardea},
    author = {Thorley, Jack B. and Lord, Alex M.},
    number = {1},
    pages = {69--78},
    volume = {103},
    url = {http://www.bioone.org/doi/10.5253/arde.v103i1.a7},
    doi = {10.5253/arde.v103i1.a7},
    issn = {0373-2266},
    keywords = {1 imperial college london, 2 department of zoology, 7py, ascot, between year, blue tit, buckhurst road, climate change, downing street, heritability, reproductive success, silwood park campus, sl5, spring temperature, uk, university of cambridge, variation}
}

@article{Potti2000Causes,
    title = {{Causes and consequences of age-assortative pairing in pied flycatchers ( Ficedula hypoleuca )}},
    year = {2000},
    journal = {Ethologia},
    author = {Potti, Jaime},
    pages = {29--36},
    volume = {8}
}

@article{Franklin2017InferenceProxies,
    title = {{Inference of selection gradients using performance measures as fitness proxies}},
    year = {2017},
    journal = {Method in Ecology and Evolution},
    author = {Franklin, Oliver D and Morrissey, Michael B.},
    number = {6},
    pages = {663--677},
    volume = {8},
    doi = {10.1111/2041-210X.12737}
}

@article{Wadgymar2017IdentifyingAdaptation,
    title = {{Identifying targets and agents of selection : innovative methods to evaluate the processes that contribute to local adaptation}},
    year = {2017},
    journal = {Method in Ecology and Evolution},
    author = {Wadgymar, Susana M and Lowry, David B and Gould, Billie A and Byron, Caitlyn N and Rachel, M and Anderson, Jill T},
    number = {6},
    pages = {738--749},
    volume = {8},
    doi = {10.1111/2041-210X.12777}
}

@article{Thomson2017MeasuringInteract,
    title = {{Measuring selection when parents and offspring interact}},
    year = {2017},
    journal = {Method in Ecology and Evolution},
    author = {Thomson, Caroline E and Hadfield, Jarrod D.},
    number = {6},
    pages = {678--687},
    volume = {8},
    doi = {10.1111/2041-210X.12795}
}

@article{Hadfield2017InterpretingInteract,
    title = {{Interpreting selection when individuals interact}},
    year = {2017},
    journal = {Method in Ecology and Evolution},
    author = {Hadfield, Jarrod D. and Thomson, Caroline E},
    number = {6},
    pages = {688--699},
    volume = {8},
    doi = {10.1111/2041-210X.12802}
}

@article{Hogstedt1980EvolutionQuality,
    title = {{Evolution of Clutch Size in Birds : Adaptive Variation in Relation to Territory Quality}},
    year = {1980},
    journal = {Science},
    author = {H{\"{o}}gstedt, Göran},
    number = {4474},
    pages = {1148--1150},
    volume = {210}
}

@article{Garamszegi2004EffectAlbicollis,
    title = {{Effect of timing and female quality on clutch size in the Collared Flycatcher Ficedula albicollis}},
    year = {2004},
    journal = {Bird Study},
    author = {Garamszegi, László Zsolt and T{\"{o}}r{\"{o}}k, János and T{\'{o}}th, László and Michl, Gábor},
    pages = {270--277},
    volume = {51}
}

@article{Moreno2005NestlingHypoleuca,
    title = {{Nestling cell-mediated immune response , body mass and hatching date as predictors of local recruitment in the pied flycatcher Ficedula hypoleuca}},
    year = {2005},
    journal = {Journal of Avian Biology},
    author = {Moreno, Juan and Merino, Santiago and Sanz, Juan José and Arriero, Elena and Morales, Judith and Tom{\'{a}}s, Gustavo},
    pages = {251--260},
    volume = {36}
}

@article{Soler2003EnvironmentalStudy,
    title = {{Environmental , genetic and maternal components of immunocompetence of nestling pied flycatchers from a cross-fostering study}},
    year = {2003},
    journal = {Evolutionary Ecology Research},
    author = {Soler, Juan José and Moreno, Juan and Potti, Jaime},
    pages = {259--272},
    volume = {5},
    keywords = {environmental factors, ficedula hypoleuca, genetic factors, immune response, maternal effects, pied flycatcher}
}

@article{Tuomi1983AlternativeEvolution,
    title = {{Alternative Concepts of Reproductive Effort, Costs of Reproduction, and Selection in Life-History Evolution}},
    year = {1983},
    journal = {Amer. Zool},
    author = {Tuomi, Juha and Hakala, Tuomo and Haukioja, Erkki},
    pages = {25--34},
    volume = {23}
}

@article{Eeva2002DifferentPopulations,
    title = {{Different responses to cold weather in two pied flycatcher populations}},
    year = {2002},
    journal = {Ecography},
    author = {Eeva, Tapio and Lehikoinen, Esa and Roka, M and Lummaa, V and Currie, D},
    pages = {705--713},
    volume = {25}
}

@article{Dunn2004BreedingPerformance,
    title = {{Breeding Dates and Reproductive Performance}},
    year = {2004},
    journal = {Advance in Ecological Research},
    author = {Dunn, Peter O},
    number = {May},
    volume = {35},
    doi = {10.1016/S0065-2504(04)35004-X}
}

@article{Potti2002GenderFledgling,
    title = {{Gender and viability selection on morphology in fledgling}},
    year = {2002},
    journal = {Molecular Ecology},
    author = {Potti, Jaime and Davila, J.A and Tella, J.L. and Frias, O and Villar, S.},
    pages = {1317--1326},
    volume = {11},
    keywords = {chd1 genes, molecular sexing, natural selection, parasitism, sexual size dimorphism}
}

@article{Krist2004EggApproach,
    title = {{Egg size and offspring performance in the collared flycatcher (Ficedula albicollis) : a within-clutch approach}},
    year = {2004},
    journal = {Oecologia},
    author = {Krist, Milos and Remes, Vladimír and Uv{\'{i}}rov{\'{a}}, Lenka and Petr, Nadvornik and Bures, Stanislav},
    pages = {52--60},
    volume = {140},
    doi = {10.1007/s00442-004-1568-5},
    keywords = {cross-fostering, effects, intraclutch, maternal, nestling growth, offspring fitness}
}

@article{Potti2000SEXUAL,
    title = {{SEXUAL SIZE DIMORPHISM AND SOURCES OF VARIATION IN THE GROWTH OF WING FEATHERS IN NESTLING PIED FLYCATCHERS ( FICEDULA HYPOLEUCA )}},
    year = {2000},
    journal = {Ardeola},
    author = {Potti, Jaime},
    number = {1},
    pages = {37--47},
    volume = {47},
    keywords = {a{\~{n}}os la, crecimiento de las, dimorfismo sexual en el, ficedula hypoleuca, growth, nest ectoparasites, pied flycatcher, plumas del ala en, r esumen, se estudia durante cinco, sex differences, sexual, size dimorphism, tama{\~{n}}o y fuentes de, variaci{\'{o}}n influyentes sobre el, volanderos de papamoscas cerrojillo, wing length}
}

@article{Sanz1999Does,
    title = {{Does daylength explain the latitudinal variation in clutch size of Pied Flycatchers Ficedula hypoleuca ?}},
    year = {1999},
    journal = {Ibis},
    author = {Sanz, Juan José},
    number = {1 999},
    pages = {100--108},
    volume = {141}
}

@article{Rowe1994TimeClutch.pdf,
    title = {{Time Condition and the Seasonal Decline of Avian Clutch.pdf}},
    year = {1994},
    journal = {The American Naturalist},
    author = {Rowe, Locke and Ludwig, Donald and Schluter, Dolph},
    number = {4},
    pages = {698--722},
    volume = {143}
}

@article{Potti1993EnvironmentalFlycatchers,
    title = {{Environmental , ontogenetic , and genetic variation in egg size of Pied Flycatchers}},
    year = {1993},
    journal = {Can J Zool},
    author = {Potti, Jaime},
    pages = {1534--1542},
    volume = {71}
}

@article{Potti1996CAUSESFLYCATCHER,
    title = {{CAUSES OF HATCHING FAILURE IN THE PIED FLYCATCHER}},
    year = {1996},
    journal = {The Condor},
    author = {Potti, Jaime and Merino, Santiago},
    pages = {328--336},
    volume = {98},
    keywords = {clutch size, egg infertility, egg inviability, egg size, ficedula hypoleuca, laying, order, parental age}
}

@article{Potti2008Environmental1,
    title = {{Environmental factors and sexual differences in mass and condition of nestling pied flycatchers Ficedula hypoleuca 1}},
    year = {2008},
    journal = {Ecoscience},
    author = {Potti, Jaime},
    number = {1},
    pages = {19--24},
    volume = {6},
    keywords = {abondance des mites ectoparasitaires, condition corporelle de gobemouches, dans le but de, de la croissance exercent, des nids dans les, des oisillons {\`{a}} l, diff{\'{e}}rents effets selon le, d{\'{e}}terminer si les conditions, en fonction de la, envol {\'{e}}tait significativement, growth strategies, jours ont {\'{e}}t{\'{e}} analys{\'{e}}s, l, la masse et la, lors, nichoirs nataux et de, noirs {\^{a}}g{\'{e}}s de 13, offspring quality, parasitism, phenotypic correlations, qualit{\'{e}}, r{\'{e}}sum{\'{e}}, selection, sexe, size dimorphism, une masse plus {\'{e}}lev{\'{e}}e}
}

@article{Calsbeek2007CORRELATIONALQUALITY,
    title = {{CORRELATIONAL SELECTION ON LAY DATE AND LIFE-HISTORY TRAITS : EXPERIMENTAL MANIPULATIONS OF TERRITORY AND NEST SITE QUALITY}},
    year = {2007},
    journal = {Evolution},
    author = {Calsbeek, Ryan and Sinervo, Barry},
    number = {5},
    pages = {1071--1083},
    volume = {61},
    doi = {10.1111/j.1558-5646.2007.00098.x},
    keywords = {1982, andersson 1994, benefits of mate choice, evolution of mating systems, however, kirkpatrick, material, may have impor-, moller and jennions 2001, nongenetic, tant influences in the, we}
}

@article{Potti1998VariationConstraints,
    title = {{Variation in the onset of incubation in the pied flycatcher (Ficedula hypoleuca): fitness consequences and constraints}},
    year = {1998},
    journal = {j. Zool., Lond},
    author = {Potti, Jaime},
    pages = {335--344},
    volume = {245},
    keywords = {ficedula hypoleuca, hatching asynchrony, incubation, tness}
}

@article{Charmantier2009LocalSeat,
    title = {{Local adaptation of timing of reproduction : females are in the driver’s seat}},
    year = {2009},
    journal = {Functionnal Ecology},
    author = {Charmantier, Anne and Lambrechts, Marcel M and Blondel, Jacques and Balthazart, Jacques and Williams, Tony D},
    pages = {172--179},
    volume = {23},
    doi = {10.1111/j.1365-2435.2008.01486.x}
}

@article{Blondel1990OnTits,
    title = {{On the genetical basis of the laying-date in an island population of blue tits}},
    year = {1990},
    journal = {J. evol},
    author = {Blondel, Jacques and Maistre, Marie},
    number = {3},
    pages = {469--475},
    volume = {475},
    keywords = {constraints, genetical variability, life-history traits}
}

@article{Canal2014ExploringStage,
    title = {{Exploring Heterozygosity-Survival Correlations in a Wild Songbird Population : Contrasting Effects between Juvenile and ... Exploring Heterozygosity-Survival Correlations in a Wild Songbird Population : Contrasting Effects between Juvenile and Adult Stage}},
    year = {2014},
    journal = {PLoS One},
    author = {Canal, David and Serrano, David and Potti, Jaime},
    number = {8},
    pages = {1--7},
    volume = {9},
    doi = {10.1371/journal.pone.0105020}
}

@article{Verhulst1991ExperimentalTit,
    title = {{Experimental evidence for a causal relationship between timing and success of reproduction in the Great tit}},
    year = {1991},
    journal = {Journal of Animal Ecology},
    author = {Verhulst, Simon and Tinbergen, Joost M},
    pages = {269--282},
    volume = {60}
}

@article{Siikamaki1998LimitationFlycatchers,
    title = {{Limitation of Reproductive Success by Food Availability and Breeding Time in Pied Flycatchers}},
    year = {1998},
    journal = {Ecology},
    author = {Siikam{\"{a}}ki, Pirkko},
    number = {5},
    pages = {1789--1796},
    volume = {79},
    keywords = {clutch size, ficedula hypoleuca, food limitation, molt, reproductive success, timing}
}

@article{Wiggins1994SeasonalApproach,
    title = {{Seasonal decline in albicollis flycatcher reproductive success : an experimental approach}},
    year = {1994},
    journal = {Oikos},
    author = {Wiggins, David A and P{\"{a}}rt, Tomas and Gustafsson, Lars},
    pages = {359--364},
    volume = {70}
}

@article{Verhulst1995Seasonal,
    title = {{Seasonal Decline in Reproductive Success of the Great Tit : Variation in Time or Quality ?}},
    year = {1995},
    journal = {Ecology},
    author = {Verhulst, Simon and van Balen, Johan H. and Tinbergen, Joost M},
    number = {8},
    pages = {2392--2403},
    volume = {76},
    keywords = {clutch size, environmental quality, laying date, parus major, phenotypic quality, reproductive success}
}

@article{Merino1996WeatherHosts,
    title = {{Weather dependent effects of nest ectoparasites on their bird hosts}},
    year = {1996},
    journal = {Ecography},
    author = {Merino, Santiago and Potti, Jaime},
    number = {Poulin 1991},
    pages = {107--113},
    volume = {19}
}

@article{Gonzalez-braojos2013No,
    title = {{No association between measures of immunity in nestling pied flycatchers ( Ficedula hypoleuca )}},
    year = {2013},
    journal = {Ann. Zool. Fennici},
    author = {Gonz{\'{a}}lez-braojos, Sonia and Ruiz-de-casta{\~{n}}eda, Rafael and Moreno, Juan},
    number = {October},
    pages = {279--288},
    volume = {2450}
}

@article{Both2006PiedDate,
    title = {{Pied Flycatchers Ficedula hypoleuca travelling from Africa to breed in Europe : differential effects of winter and migration conditions on breeding date}},
    year = {2006},
    journal = {Ardea},
    author = {Both, Christiaan and Sanz, Juan José and Artemyev, Aleksandr V and Blaauw, Bert and Cowie, Richard J and Dekhuijzen, Aarnoud J and Enemar, Anders and J{\"{a}}rvinen, Antero and Nyholm, N Erik I and Potti, Jaime and Ravussin, Pierre-alain and Silverin, Bengt and Slater, Fred M and Sokolov, Leonid V and Visser, Marcel E and Winkel, Wolfgang},
    number = {3},
    pages = {511--525},
    volume = {94},
    keywords = {climate, ficedula hypoleuca, laying date, migration}
}

@article{Carey2009TheBirds,
    title = {{The impacts of climate change on the annual cycles of birds}},
    year = {2009},
    journal = {Philosophical Transactions of the Royal Society B},
    author = {Carey, Cynthia},
    pages = {3321--3330},
    doi = {10.1098/rstb.2009.0182},
    keywords = {avian reproduction, bird, bird migration, climate change, egg laying, phenology}
}

@article{Coppack2002PredictingChange,
    title = {{Predicting Life-Cycle Adaptation of Migratory Birds to Global Climate Change}},
    year = {2002},
    journal = {Ardea},
    author = {Coppack, Timothy and Both, Christiaan},
    number = {3},
    pages = {369--378},
    volume = {90}
}

@article{Husby2010ContrastingPopulations,
    title = {{Contrasting patterns of phenotypic plasticity in reproductive traits in two great tit (Parus Major) populations}},
    year = {2010},
    journal = {Evolution},
    author = {Husby, Arild and Nussey, Daniel H and Visser, Marcel E. and Wilson, Alastair J and Sheldon, Ben C. and Kruuk, Loeske E B},
    number = {8},
    pages = {2221--2237},
    volume = {64},
    doi = {10.1111/j.1558-5646.2010.00991.x}
}

@article{Both2005ClimaticNetherlands,
    title = {{Climatic change explains much of the 20th century advance in laying date of Northern Lapwing Vanellus vanellus in The Netherlands}},
    year = {2005},
    journal = {Ardea},
    author = {Both, Christiaan and Piersma, Theun and Roodbergen, SP and Roodbergen, Sake P and Bijlsma, Rob G.},
    number = {1},
    pages = {79--88},
    volume = {93}
}

@article{Vergara2015GeneticTinnunculus,
    title = {{Genetic basis and fitness correlates of dynamic carotenoid-based ornamental coloration in male and female common kestrels Falco tinnunculus}},
    year = {2015},
    journal = {Journal of Evolutionary Biology},
    author = {Vergara, Pablo and Fargallo, Juan A and Mart{\'{i}}nez-Padilla, Jesús},
    pages = {146--154},
    volume = {28},
    doi = {10.1111/jeb.12553}
}

@techreport{Camacho2009PlasticIntensity,
    title = {{Plastic adjustment to short-scale environmental changes : influence of mean lifetime phenology on response intensity}},
    year = {2009},
    author = {Camacho, Carlos and Canal, David and Potti, Jaime}
}

@article{Marrot2017MultiplePasserine,
    title = {{Multiple extreme climatic events strengthen selection for earlier breeding in a wild passerine}},
    year = {2017},
    journal = {Philosophical Transactions of the Royal Society B},
    author = {Marrot, Pascal and Garant, Dany and Charmantier, Anne and Marrot, Pascal},
    volume = {372}
}

@article{Przybylo2000ClimaticPlasticity,
    title = {{Climatic Effects on Breeding and Morphology : Evidence for Phenotypic Plasticity}},
    year = {2000},
    journal = {Journal of Animal Ecology},
    author = {Przybylo, Robert and Sheldon, Ben C. and Meril{\"{a}}, Juha},
    number = {3},
    pages = {395--403},
    volume = {69}
}

@article{Kuhn2013DifferentiationChange,
    title = {{Differentiation in neutral genes and a candidate gene in the pied flycatcher : Using biological archives to track global climate change}},
    year = {2013},
    journal = {Ecology and Evolution},
    author = {Kuhn, Kerstin and Schwenk, Klaus and Both, Christiaan and Canal, David and Johansson, Ulf S. and van der Mije, Steven and P{\"{a}}ckert, Martin},
    number = {April},
    doi = {10.1002/ece3.855}
}

@incollection{Dunn2010EffectsBirds,
    title = {{Effects of climate change on timing of breeding and reproductive success in birds}},
    year = {2010},
    booktitle = {Effects of Climate Change on Birds},
    author = {Dunn, Peter O and Winkler, David W.},
    chapter = {10}
}

@article{Crick2004TheBirds,
    title = {{The impact of climate change on birds}},
    year = {2004},
    journal = {Ibis},
    author = {Crick, Humphrey Q P},
    number = {Suppl 1},
    pages = {48--56},
    volume = {146}
}

@article{Cresswell2003HowTemperature,
    title = {{How great tits maintain synchronization of their hatch date with food supply in response to long-term variability in temperature}},
    year = {2003},
    journal = {Journal of Animal Ecology},
    author = {Cresswell, Will and Mccleery, Robin H},
    pages = {356--366},
    volume = {72}
}

@article{Crick1999ClimateTrends,
    title = {{Climate change related to egg-laying trends}},
    year = {1999},
    journal = {Nature},
    author = {Crick, Humphrey Q P and Sparks, Timothy},
    pages = {423--424},
    volume = {399}
}

@article{Potti2008TemperatureSongbird,
    title = {{Temperature during egg formation and the effect of climate warming on egg size in a small songbird}},
    year = {2008},
    journal = {Acta Oecol},
    author = {Potti, Jaime},
    number = {2004},
    doi = {10.1016/j.actao.2008.02.003}
}

@article{Siepielski2017PrecipitationSelection,
    title = {{Precipitation drives global variation in natural selection}},
    year = {2017},
    journal = {Science},
    author = {Siepielski, Adam M. and Morrissey, Michael B. and Buoro, Mathieu and Carlson, Stephanie M. and Caruso, Christina M and Clegg, Sonya M and Coulson, Tim and Dibattista, Joseph D. and Gotanda, Kiyoko M and Francis, Clinton D and Hereford, Joe and Kingsolver, Joel G. and Sletvold, Nina and Svensson, Erik I and Wade, Michael J and Maccoll, Andrew D C},
    pages = {959--962},
    volume = {355}
}

@article{Aubret2010FitnessPlasticity,
    title = {{Fitness costs may explain the post-colonisation erosion of phenotypic plasticity}},
    year = {2010},
    journal = {The Journal of Experimental Biology},
    author = {Aubret, Fabien and Shine, R},
    pages = {735--739},
    volume = {213},
    doi = {10.1242/jeb.040576},
    keywords = {body size, cost, phenotypic plasticity, prey, snake, swallowing}
}

@article{Siepielski2017SupplementarySelection,
    title = {{Supplementary Materials for Precipitation drives global variation in natural selection}},
    year = {2017},
    journal = {Science},
    author = {Siepielski, Adam M. and Morrissey, Michael B. and Buoro, Mathieu and Carlson, Stephanie M. and Caruso, Christina M and Clegg, Sonya M and Coulson, Tim and Dibattista, Joseph D. and Gotanda, Kiyoko M and Francis, Clinton D and Hereford, Joe and Kingsolver, Joel G. and Augustine, Kate E and Kruuk, Loeske E B and Martin, Ryan A and Sheldon, Ben C. and Sletvold, Nina and Svensson, Erik I and Wade, Michael J and Maccoll, Andrew D C},
    pages = {1--18},
    volume = {2},
    doi = {10.1126/science.aag2773}
}

@article{Sther2003ClimatePasserines,
    title = {{Climate variation and regional gradients in population dynamics of two hole-nesting passerines}},
    year = {2003},
    journal = {Proceedings of the Royal Society London B},
    author = {S{\ae}ther, Bernt-erik and Engen, Steinar and M{\o}ller, Anders Pape and Matthysen, Erik and Adriaensen, Frank and Fiedler, Wolfgang and Leivits, Agu and Lambrechts, Marcel M and Visser, Marcel E and Anker-nilssen, Tycho and Both, Christiaan and Dhondt, André A. and Mccleery, Robin H and Mcmeeking, John and Potti, Jaime and R{\o}stad, Ole Wiggo and Thomson, David L},
    number = {June},
    pages = {2397--2404},
    doi = {10.1098/rspb.2003.2499},
    keywords = {climate change, density dependence, great tit, north atlantic oscillation, pied flycatcher, stochastic population dynamics}
}

@article{Sanz2002ClimatePalaearctic,
    title = {{Climate change and breeding parameters of great and blue tits throughout the western Palaearctic}},
    year = {2002},
    journal = {Global Change Biology},
    author = {Sanz, Juan José},
    pages = {409--422},
    volume = {8},
    keywords = {climate change, clutch size, parus caeruleus, parus major, timing of breeding, winter}
}

@article{Sanz2003Large-scaleEurope,
    title = {{Large-scale effect of climate change on breeding parameters of pied flyctachers in Western Europe}},
    year = {2003},
    journal = {Ecography},
    author = {Sanz, Juan José},
    number = {June 2002},
    pages = {45--50},
    volume = {26}
}

@article{Sanz2002ClimateRegion,
    title = {{Climate change and birds: have their ecological consequences already been detected in the mediterranean region?}},
    year = {2002},
    journal = {Ardeola},
    author = {Sanz, Juan José},
    number = {1},
    pages = {109--120},
    volume = {49},
    keywords = {0, 6 {\textordmasculine}c durante la, a causa principalmente de, birds, cambio clim{\'{a}}tico y aves, climate change, denominado, dia terrestre ha aumentado, diterr{\'{a}}nea, este fen{\'{o}}meno se ha, la regi{\'{o}}n me-, la temperatura me-, las actividades del hombre, mediterranean, migration, phenology, r esumen, se ha demostrado que, se han detectado ya, segunda parte del siglo, sus consecuencias ecol{\'{o}}gicas en, xx}
}

@article{Sanz2003ClimateRegion,
    title = {{Climate change and fitness components of a migratory bird breeding in the Mediterranean region}},
    year = {2003},
    journal = {Global Change Biology},
    author = {Sanz, Juan José and Potti, Jaime and Moreno, Juan and Merino, Santiago},
    pages = {461--472},
    volume = {9},
    keywords = {accepted 13 september 2002, climate change, daily energy expenditure, ficedula hypoleuca, mediterranean region, parental effort, received 31 may 2002, revised version received and, timing of reproduction}
}

@article{Charmantier2015MediterraneanAdaptation,
    title = {{Mediterranean blue tits as a case study of local adaptation}},
    year = {2015},
    journal = {Evolutionnary Applications},
    author = {Charmantier, Anne and Doutrelant, Claire and Dubuc-messier, Gabrielle and Szulkin, Marta},
    pages = {135--152},
    doi = {10.1111/eva.12282},
    keywords = {adaptive divergence, cyanistes caeruleus, differentiation, environment, environment heterogeneity, genomic, genotype}
}

@article{Garland2006PhenotypicEvolution,
    title = {{Phenotypic plasticity and experimental evolution Phenotypic plasticity and experimental evolution}},
    year = {2006},
    journal = {The Journal of Experimental Biology},
    author = {Garland, Theodore and Kelly, Scott A},
    pages = {2344--2361},
    volume = {209},
    doi = {10.1242/jeb.02244}
}

@article{Dobson2017PlasticitySeabird,
    title = {{Plasticity results in delayed breeding in a long- ­ distant migrant seabird}},
    year = {2017},
    journal = {Ecology and Evolution},
    author = {Dobson, F Stephen and Charmantier, Anne and Becker, Peter H and Arnaud, Coline M and Bouwhuis, Sandra},
    number = {November 2016},
    pages = {3100--3109},
    volume = {7},
    doi = {10.1002/ece3.2777},
    keywords = {al, auburn, department of biological sciences, university, usa}
}

@article{Bradshaw2006EvolutionaryChange,
    title = {{Evolutionary Response to Rapid Climate Change}},
    year = {2006},
    journal = {Science},
    author = {Bradshaw, William E and Holzapfel, Christina M and Crowder, Richard},
    number = {June},
    pages = {1477--1478},
    volume = {312}
}

@article{Boutin2013ClimateResponses,
    title = {{Climate change and mammals : evolutionary versus plastic responses}},
    year = {2013},
    journal = {Evolutionnary Applications},
    author = {Boutin, Stan and Lane, Jeffrey E},
    pages = {29--41},
    doi = {10.1111/eva.12121},
    keywords = {adaptation, climate change, contemporary, ecological genetics, evolution, natural, phenotypic plasticity, quantitative, selection}
}

@inproceedings{Buckley2014SpeciesChange,
    title = {{Species Responses to Climate Change}},
    year = {2014},
    author = {Buckley, Lauren B},
    pages = {1--19},
    isbn = {9780199830060}
}

@article{Arnold1984OnTheory,
    title = {{On the measurement of Natural and Sexual Selection: Theory}},
    year = {1984},
    journal = {Evolution},
    author = {Arnold, Stevan J and Wade, Michael J},
    number = {4},
    pages = {709--719},
    volume = {38}
}

@article{Winkler1996The...,
    title = {{The seasonal decline in Tree Swallow clutch size : Physiological constraint o ...}},
    year = {1996},
    journal = {Ecology},
    author = {Winkler, David W. and Allen, Paul E.},
    number = {3},
    pages = {922--932},
    volume = {77}
}

@article{BrodieIII1996OnEvolution,
    title = {{On the Assignment of Fitness Values in Statistical Analyses of Selection y of Evolution}},
    year = {1996},
    journal = {Evolution},
    author = {Brodie III, Edmund D and Janzen, Fredric},
    number = {1},
    pages = {437--442},
    volume = {50}
}

@article{BrodieIII1995VisualizingSelection,
    title = {{Visualizing and quantifying natural selection}},
    year = {1995},
    journal = {TREE},
    author = {Brodie III, Edmund D and Moore, Allen and Janzen, Fredric},
    number = {August},
    pages = {313--318},
    volume = {10}
}

@article{Solonen2014Breeding,
    title = {{Breeding phenology in Great and Blue Tits ( Parus spp .): are urban populations more resistant to climate change than rural ones ?}},
    year = {2014},
    journal = {Ornis Fennica},
    author = {Solonen, Tapio and Hild{\'{e}}n, Martti},
    pages = {209--219},
    volume = {91}
}

@article{Sharp1996StrategiesCycles,
    title = {{Strategies in avian breeding cycles}},
    year = {1996},
    journal = {Animal reproduction Science},
    author = {Sharp, Peter J},
    number = {96},
    pages = {505--513},
    volume = {42},
    keywords = {birds, seasonal bnxding}
}

@article{vanNoordwijk1995SelectionTemperature,
    title = {{Selection for the Timing of Great Tit Breeding in Relation to Caterpillar Growth and Temperature}},
    year = {1995},
    journal = {Journal of Animal Ecology},
    author = {van Noordwijk, Arie J and McCleery, Robin H and Perrins, Christopher Miles},
    number = {4},
    pages = {451--458},
    volume = {64}
}

@article{Tarka2015SelectionSongbird,
    title = {{Selection and evolutionary potential of spring arrival phenology in males and females of a migratory songbird}},
    year = {2015},
    journal = {Journal of Evolutionary Biology},
    author = {Tarka, M and Hansson, B and Hasselquist, Dennis},
    pages = {1024--1038},
    volume = {28},
    doi = {10.1111/jeb.12638},
    keywords = {acrocephalus arundinaceus}
}

@article{Morrissey2014InAnalysis,
    title = {{In search of the best methods for multivariate selection analysis}},
    year = {2014},
    journal = {Method in Ecology and Evolution},
    author = {Morrissey, Michael B.},
    pages = {1095--1109},
    volume = {5},
    doi = {10.1111/2041-210X.12259}
}

@article{Morrissey2013UNIFICATIONSELECTION,
    title = {{UNIFICATION OF REGRESSION-BASED METHODS FOR THE ANALYSIS OF NATURAL SELECTION}},
    year = {2013},
    journal = {Evolution},
    author = {Morrissey, Michael B. and Sakrejda, Krzysztof},
    number = {7},
    pages = {2094--2100},
    volume = {67},
    doi = {10.1111/evo.12077},
    keywords = {birth mass, determining the form of, fitness, fitness is, generalized additive models, gestation length, gradients, microevolution, natural selection, relationships between traits and, selection, sexual selection}
}

@incollection{Pearson1902MathematicalEvolution,
    title = {{Mathematical Contributions to the Theory and Evolution}},
    year = {1902},
    author = {Pearson, Karl}
}

@article{Morrissey2016AnalyticalFunctions,
    title = {{Analytical results for directional and quadratic selection gradients for log-linear models of fitness functions}},
    year = {2016},
    author = {Morrissey, Michael B. and Goudie, I B J},
    pages = {1--21},
    keywords = {capture-, fitness, generalised linear model, mark-recapture, natural selection, selection gradients, survival analysis}
}

@article{Henshaw2016ATraits,
    title = {{A unified measure of linear and nonlinear selection on quantitative traits}},
    year = {2016},
    author = {Henshaw, Jonathan M and Zemel, Yoav},
    doi = {10.1111/2041-210X.12685}
}

@article{Grosbois2008AssessingPopulations,
    title = {{Assessing the impact of climate variation on survival in vertebrate populations}},
    year = {2008},
    journal = {Biological Reviews},
    author = {Grosbois, V and Gimenez, Olivier and Gaillard, J.M and Pradel, Roger and Barbraud, Christophe and Clobert, Jean and M{\o}ller, Anders Pape and Weimerskirch, H},
    pages = {357--399},
    volume = {83},
    doi = {10.1111/j.1469-185X.2008.00047.x},
    keywords = {0, 0033, 2008, 2008 cambridge philosophical society, 357, 399 {\'{o}} 2008 the, 4 72 43 13, 4 72 44 81, 70, 88, address for correspondence, authors journal compilation {\'{o}}, bayesian modelling, biological reviews 83, birds, capture-mark-recapture, com, demography, e-mail, effect size, fax, hotmail, information theory, mammals, mortality, null hypothesis testing, statistics, tel, vladimirgrosbois, weather}
}

@article{Lande1983TheCharacters.,
    title = {{The Measurement of selection on correlated characters.}},
    year = {1983},
    journal = {Evolution},
    author = {Lande, Russell and Arnold, Stevan J},
    number = {6},
    pages = {1210--1226},
    volume = {37}
}

@article{Hereford2004Comparing,
    title = {{Comparing strengths of directional selection: how strong is strong ?}},
    year = {2004},
    journal = {Evolution},
    author = {Hereford, Joe and Hansen, Thomas F. and Houle, David},
    number = {10},
    pages = {2133--2143},
    volume = {58},
    keywords = {2004, accepted july 30, breeder, elasticity, natural selection, phenotypic selection, received march 4, s equation, selection gradient}
}

@article{Scheiner2002REDUCINGSELECTION,
    title = {{REDUCING ENVIRONMENTAL BIAS WHEN MEASURING NATURAL SELECTION}},
    year = {2002},
    journal = {Evolution},
    author = {Scheiner, Samuel M and Donohue, Kathleen and Dorn, Lisa and Mazer, Susan},
    number = {11},
    pages = {2156--2167},
    volume = {56},
    keywords = {2002, accepted july 23, analysis, arabidopsis thaliana, impatiens capensis, natural selection, path analysis, raphanus sativus, received march 27, regression, selection gradient}
}

@article{Johnson2004ModelEvolution,
    title = {{Model selection in ecology and evolution}},
    year = {2004},
    journal = {TRENDS in Ecology and Evolution},
    author = {Johnson, Jerald B and Omland, Kristian S},
    number = {2},
    pages = {101--108},
    volume = {19},
    doi = {10.1016/j.tree.2003.10.013}
}

@article{Gil2006WITHIN-CLUTCHHYPOLEUCA,
    title = {{WITHIN-CLUTCH VARIATION IN YOLK ANDROGENS IN RELATION TO FEMALE EXPRESSION OF A MALE ORNAMENT IN PIED FLYCATCHERS FICEDULA HYPOLEUCA}},
    year = {2006},
    journal = {Ardea},
    author = {Gil, Diego and Lacroix, André and Potti, Jaime},
    number = {2},
    pages = {307--315},
    volume = {53},
    keywords = {a la expresi{\'{o}}n, aves contienen andr{\'{o}}genos de, de andr{\'{o}}genos en relaci{\'{o}}n, de un ornamento masculino, en el des-, en las hembras del, female ornamentation, hatching asynchrony, los huevos de las, objetivos, origen maternal que influyen, papamoscas cerrojillo ficedula hypoleuca, pied flycatcher, puesta en el contenido, r esumen, testosterone, variaci{\'{o}}n dentro de la, yolk androgens}
}

@article{Price1970SelectionCovariance,
    title = {{Selection and Covariance}},
    year = {1970},
    journal = {Nature},
    author = {Price, George R},
    volume = {227}
}

@article{Stinchcombe2002TestingPractice,
    title = {{Testing for Environmentally Induced Bias in Phenotypic Estimates of Natural Selection : Theory and Practice}},
    year = {2002},
    journal = {The American Naturalist},
    author = {Stinchcombe, John R and Rutter, Matthew T and Burdick, Donald S and Tiffin, Peter and Rausher, Mark D and Mauricio, Rodney},
    number = {4},
    pages = {511--523},
    volume = {160},
    keywords = {environmental covariance, natural selection, phenotypic, plant size, quantitative genetics, selection, selection gradients}
}

@article{Potti1997RepeatabilityHypoleuca,
    title = {{Repeatability of mass loss in female Pied Flycatchers Ficedula hypoleuca}},
    year = {1997},
    journal = {Ethology Ecology {\&} Evolution},
    author = {Potti, Jaime and Merino, Santiago},
    pages = {295--300},
    volume = {9},
    keywords = {catcher, ficedula hypoleuca, heritability, mass loss, parental care, pied fly-, repeatability}
}

@article{Sanz2000DelayedFlycatcher,
    title = {{Delayed senescence in a southern population of the pied flycatcher}},
    year = {2000},
    journal = {Ecoscience},
    author = {Sanz, Juan José and Moreno, Juan},
    number = {1},
    pages = {25--31},
    volume = {71}
}

@article{Potti1999RepeatabilityWater,
    title = {{Repeatability of parental effort in male and female Pied Flycatchers as measured with doubly labeled water}},
    year = {1999},
    journal = {Can J Zool},
    author = {Potti, Jaime and Moreno, Juan and Merino, Santiago},
    pages = {174--179},
    volume = {179}
}

@article{Schluter1994ExploringSurfaces,
    title = {{Exploring fitness surfaces}},
    year = {1994},
    journal = {The American Naturalist},
    author = {Schluter, Dolph and Nychkat, Douglas},
    number = {4},
    pages = {597--616},
    volume = {143}
}

@article{Hirshfield1975NaturalEffort,
    title = {{Natural Selection and the Evolution of Reproductive Effort}},
    year = {1975},
    journal = {Proc. Natl. Acad. Sci},
    author = {Hirshfield, Michael F. and Tinkle, Donald},
    number = {6},
    pages = {2227--2231},
    volume = {72}
}

@article{Moreno1999ReproductiveHypoleuca,
    title = {{Reproductive effort and T-lymphocyte cell-mediated immunocompetence in female pied flycatchers Ficedula hypoleuca}},
    year = {1999},
    journal = {Proceedings of the Royal Society London B},
    author = {Moreno, Juan and Sanz, Juan José and Arriero, Elena},
    number = {March},
    pages = {1105--1110},
    volume = {266},
    keywords = {body mass, by haematozoa, clutch-size manipulation, cost of reproduction, ects of an experimentally, have detected e, immunocompetence, increased, ort, ort on parasitation rate, parental e, pied, ycatcher}
}

@article{Moreno1997ParentalFlycatcher,
    title = {{Parental energy expenditure and offspring size in the pied flycatcher}},
    year = {1997},
    journal = {Oikos},
    author = {Moreno, Juan and Potti, Jaime and Merino, Santiago},
    pages = {559--567},
    volume = {79}
}

@article{Kruuk2003WhenSelection,
    title = {{When environmental variation short-circuits natural selection}},
    year = {2003},
    journal = {TRENDS in Ecology and Evolution},
    author = {Kruuk, Loeske E B and Meril{\"{a}}, Juha and Sheldon, Ben C.},
    number = {5},
    pages = {207--209},
    volume = {18}
}

@article{Kopp2013RapidPerspectives,
    title = {{Rapid evolution of quantitative traits : theoretical perspectives}},
    year = {2013},
    journal = {Evolutionnary Applications},
    author = {Kopp, Michael and Matuszewski, Sebastian},
    pages = {169--191},
    doi = {10.1111/eva.12127},
    keywords = {adaptation, climate change, contemporary evolution, degradation, habitat, natural selection and, phenotypic plasticity}
}

@article{Merila2012Prospects,
    title = {{Prospects {\&} Overviews Evolution in response to climate change: In pursuit of the missing evidence ¨}},
    year = {2012},
    journal = {Bioessays},
    author = {Meril{\"{a}}, Juha},
    pages = {1--8},
    doi = {10.1002/bies.201200054},
    keywords = {6, 7, adaptation, but as compared to, climate change, e, ecological responses, evolution, g, genetic variation, massive evidence for, selection, solid evidence for evolutionary, table 1}
}

@article{Gienapp2006WHYPOPULATION,
    title = {{WHY BREEDING TIME HAS NOT RESPONDED TO SELECTION FOR EARLIER BREEDING IN A SONGBIRD POPULATION}},
    year = {2006},
    journal = {Evolution},
    author = {Gienapp, Phillip and Postma, Erik and Visser, Marcel E.},
    number = {11},
    pages = {2381--2388},
    volume = {60},
    keywords = {2006, accepted august 10, animal model, breeding value, egg-laying date, environmental covariance, natural selection, parus major, received april 21}
}

@article{Ghalambor2007AdaptiveNew,
    title = {{Adaptive versus non-adaptive phenotypic plasticity and the potential for contemporary adaptation in new}},
    year = {2007},
    journal = {Functionnal Ecology},
    author = {Ghalambor, C.K and McKay, J.K and Carrolls, S.P and Reznick, D.N},
    pages = {394--407},
    volume = {21},
    doi = {10.1111/j.1365-2435.2007.01283.x}
}

@article{Hoffmann2011ClimateAdaptation,
    title = {{Climate change and evolutionary adaptation}},
    year = {2011},
    journal = {Nature},
    author = {Hoffmann, Ary A. and Sgro, Carla M},
    pages = {479--485},
    volume = {470},
    doi = {10.1038/nature09670}
}

@article{Grant1995PredictingVariation.,
    title = {{Predicting microevolutionary responses to directional selection on heritable variation.}},
    year = {1995},
    journal = {Evolution},
    author = {Grant, Peter R and Grant, Rosemary B.},
    number = {2},
    pages = {241--251},
    volume = {49}
}

@article{Sheldon2003NaturalFlycatcher,
    title = {{Natural selection and inheritance of breeding time and clutch size in the collared flycatcher}},
    year = {2003},
    journal = {Evolution},
    author = {Sheldon, Ben C. and Kruuk, Loeske E B and Meril{\"{a}}, Juha},
    number = {2},
    pages = {406--420},
    volume = {57}
}

@article{Reale2003GeneticRe,
    title = {{Genetic and plastic responses of a northern mammal to climate change Denis Re}},
    year = {2003},
    journal = {Proceedings of the Royal Society London B},
    author = {R{\'{e}}ale, Denis and McAdam, Andrew G. and Boutin, Stan and Bertaux, Dominique},
    number = {October 2002},
    pages = {591--596},
    volume = {270},
    doi = {10.1098/rspb.2002.2224},
    keywords = {breeding values, evolution, phenotypic plasticity, selection, tamiasciurus hudsonicus}
}

@article{Svensson1995Avian,
    title = {{Avian reproductive timing : when should parents be prudent ?}},
    year = {1995},
    journal = {Animal Behaviour},
    author = {Svensson, Erik I},
    pages = {1569--1575},
    volume = {49}
}

@article{Nussey2005SelectionPopulation,
    title = {{Selection on Heritable Phenotypic Plasticity in a Wild Bird Population}},
    year = {2005},
    journal = {Science},
    author = {Nussey, Daniel H and Postma, Erik and Gienapp, Phillip and Visser, Marcel E.},
    volume = {310},
    doi = {10.1126/science.1117004}
}

@article{Mihoub2012ImpactNaumanni,
    title = {{Impact of temperature on the breeding performance and selection patterns in lesser kestrels Falco naumanni}},
    year = {2012},
    journal = {Journal of Avian Biology},
    author = {Mihoub, J B and Mouawad, N G and Pilard, P and Jiguet, Frédéric and Low, Matthew and Teplitsky, C.},
    number = {June},
    pages = {472--480},
    volume = {43},
    doi = {10.1111/j.1600-048X.2012.05529.x}
}

@article{Price2003TheEvolution,
    title = {{The role of phenotypic plasticity in driving genetic evolution}},
    year = {2003},
    journal = {Proceedings of the Royal Society London B},
    author = {Price, Trevor D. and Qvarnstr{\"{o}}m, Anna and Irwin, Darren E.},
    number = {June},
    pages = {1433--1440},
    volume = {270},
    doi = {10.1098/rspb.2003.2372},
    keywords = {carotenoid pigments, foraging behaviour, genetic assimilation, peak shift, phenotypic plasticity}
}

@article{Price1988DirectionnalDate.pdf,
    title = {{Directionnal selection and evolution of breeding date.pdf}},
    year = {1988},
    journal = {Science},
    author = {Price, Trevor D. and Kirkpatrick, Mark and Arnold, Stevan J},
    pages = {798--799},
    volume = {240}
}

@inproceedings{Daan1986FoodReproduction,
    title = {{Food Supply and the Annual Timing of Avian Reproduction}},
    year = {1986},
    booktitle = {Acta XIC Congressus Internationalis Ornithologici},
    author = {Daan, Serge and Cor, Dijkstra and Drent, Rudolf and Meijer, Theo}
}

@article{Coppack2008CanVariation,
    title = {{Can long-distance migratory birds adjust to the advancement of spring by shortening migration distance ? The response of the pied flycatcher to latitudinal photoperiodic variation}},
    year = {2008},
    journal = {Global Change Biology},
    author = {Coppack, Timothy and Tindemans, Ilse and Czish, Michael and Annemie, Van der Linden and Berthold, Peter and Pulido, Francisco},
    pages = {2516--2522},
    volume = {14},
    doi = {10.1111/j.1365-2486.2008.01668.x},
    keywords = {12 april 2008, adaptation, circannual rhythm, correspondence, ficedula hypoleuca, march 2008 and accepted, migration, moult, phenotypic plasticity, photoperiodism, present address, reaction norm, received 19 december 2007, revised version received 24, timothy coppack, zoological}
}

@article{Gordo2005PhenologyLocality,
    title = {{Phenology and climate change : a long-term study in a Mediterranean locality}},
    year = {2005},
    journal = {Oecologia},
    author = {Gordo, Oscar and Sanz, Juan José},
    pages = {484--495},
    volume = {146},
    doi = {10.1007/s00442-005-0240-z},
    keywords = {dynamic factor analysis {\ae}, insect interactions, insects {\ae}, migratory birds {\ae} plants, {\ae} plant}
}

@article{Fargallo2004LATITUDINALCAERULEUS,
    title = {{LATITUDINAL TRENDS OF REPRODUCTIVE TRAITS IN THE BLUE TIT PARUS CAERULEUS}},
    year = {2004},
    journal = {Ardeola},
    author = {Fargallo, Juan A},
    number = {1},
    pages = {177--190},
    volume = {51},
    keywords = {altitude, clutch size, comparaci{\'{o}}n geogr{\'{a}}fica de la, com{\'{u}}n parus caeruleus con, de puesta y proporci{\'{o}}n, de segundas puestas en, distintas poblaciones de herrerillo, en el presente estudio, fecha de puesta, habitat, latitude, laying date, objetivos, parus caeruleus, r esumen, reproductores del herrerillo com{\'{u}}n, se ha realizado una, second clutches, tama{\~{n}}o, tendencias latitudinales en par{\'{a}}metros}
}

@article{Both2004Large-scaleEarlier,
    title = {{Large-scale geographical variation confirms that climate change causes birds to lay earlier}},
    year = {2004},
    journal = {Proceedings of the Royal Society London B},
    author = {Both, Christiaan and Artemyev, Aleksandr V and Blaauw, Bert and Cowie, Richard J and Dekhuijzen, Aarnoud J and Eeva, Tapio and Enemar, Anders and Gustafsson, Lars and Metcalfe, Neil B and Nyholm, N Erik I and Ivankina, Elena V and Ja, Antero and Potti, Jaime and Ravussin, Pierre-alain and Sanz, Juan José and Silverin, Bengt and Slater, Fred M and Sokolov, Leonid V and Winkel, Wolfgang and Wright, Jonathan and Zang, Herwig and Visser, Marcel E},
    number = {April},
    pages = {1657--1662},
    doi = {10.1098/rspb.2004.2770},
    keywords = {climate change, clutch size, ficedula albicollis, ficedula hypoleuca, laying date, life history}
}

@article{Svensson1997NaturalIndependent,
    title = {{Natural Selection on Avian Breeding Time : Causality , Fecundity-Dependent , and Fecundity- Independent}},
    year = {1997},
    journal = {Evolution},
    author = {Svensson, Erik I},
    number = {4},
    pages = {1276--1283},
    volume = {51},
    keywords = {-blue tit, 1996, 1997, a common pattern among, accepted march 28, animals that reproduce in, breeding time, brood size, directional selection, heritability, offspring fitness is correlated, parus caeruleus, phenotypic plas-, received november 12, sea-, sonal environments is that, with}
}

@article{Visser2008KeepingChange,
    title = {{Keeping up with a warming world ; assessing the rate of adaptation to climate change}},
    year = {2008},
    journal = {Proceedings of the Royal Society B},
    author = {Visser, Marcel E},
    number = {January},
    pages = {649--659},
    doi = {10.1098/rspb.2007.0997},
    keywords = {change, climate change, intergovernmental panel on climate, microevolution, phenology, phenotypic plasticity, scenarios}
}

@article{Brown2000Weather-mediated,
    title = {{Weather-mediated natural selection on arrival time in cliff swallows ( Petrochelidon pyrrhonota )}},
    year = {2000},
    journal = {Behav Ecol Sociobiol},
    author = {Brown, Charles R and Bomberger, Mary},
    pages = {339--345},
    volume = {47},
    keywords = {climate, life history, mortality, nebraska, seasonality, survival}
}

@article{Bowers2016SpringBird,
    title = {{Spring temperatures influence selection on breeding date and the potential for phenological mismatch in a migratory bird}},
    year = {2016},
    journal = {Ecology},
    author = {Bowers, E Keith and Grindstaff, Jennifer L and Soukup, Sheryl Swartz and Nancy, E and Eckerle, Kevin P and Sakaluk, Scott K and Thompson, Charles F},
    number = {10},
    pages = {2880--2891},
    volume = {97},
    doi = {10.1002/ecy.1516.Spring},
    keywords = {climate change, house wren, laying date, life history, long-term study}
}

@article{Mcdermott2017LinkingPennsylvania,
    title = {{Linking phenological events in migratory passerines with a changing climate : 50 years in the Laurel Highlands of Pennsylvania}},
    year = {2017},
    journal = {PLoS One},
    author = {Mcdermott, Molly E and Degroote, Lucas W},
    pages = {1--17},
    url = {http://dx.doi.org/10.1371/journal.pone.0174247},
    isbn = {1111111111},
    doi = {10.1371/journal.pone.0174247}
}

@article{Potti2009AdvancedCaeruleus,
    title = {{Advanced breeding dates in relation to recent climate warming in a Mediterranean montane population of Blue Tits Cyanistes caeruleus}},
    year = {2009},
    journal = {J Ornithol},
    author = {Potti, Jaime},
    pages = {893--901},
    volume = {150},
    doi = {10.1007/s10336-009-0418-y},
    keywords = {breeding, climate change {\'{a}} laying, date {\'{a}} timing of, ficedula hypoleuca {\'{a}} pied, flycatcher {\'{a}}}
}

@article{Lyon2008ATiming,
    title = {{A Matter of Timing}},
    year = {2008},
    journal = {Science},
    author = {Lyon, Bruce E and Chaine, Alexis S and Winkler, David W.},
    number = {August},
    pages = {1051--1052},
    volume = {321}
}

@article{Grieco2002EvidenceTits,
    title = {{Evidence for the Effect of Learning on Timing of Reproduction in Blue Tits}},
    year = {2002},
    journal = {Science},
    author = {Grieco, Fabrizio and Noordwijk, Arie Van and Visser, Marcel E.},
    number = {November 2014},
    pages = {136--138},
    volume = {296},
    doi = {10.1126/science.1068287}
}

@article{Mckellar2013WinterSongbird,
    title = {{Winter rainfall predicts phenology in widely separated populations of a migrant songbird}},
    year = {2013},
    journal = {Global Change Biology},
    author = {Mckellar, Ann E and Marra, Peter P. and Hannon, Susan J and Studds, Colin E. and Ratcliffe, Laurene M},
    pages = {595--605},
    volume = {172},
    doi = {10.1007/s00442-012-2520-8},
    keywords = {a, american redstart {\'{a}} climate, change {\'{a}}, communicated by ola olsson, e, m, mckellar, migration {\'{a}} migratory connectivity, ratcliffe, {\'{a}} l, {\'{a}} setophaga ruticilla}
}

@article{Laaksonen2006ClimateFlycatcher,
    title = {{Climate change , migratory connectivity and changes in laying date and clutch size of the pied flycatcher}},
    year = {2006},
    journal = {Oikos},
    author = {Laaksonen, Toni and Ahola, Markus P. and Eeva, Tapio and Va, Risto A},
    number = {January},
    pages = {277--290},
    volume = {114}
}

@article{Hau2001TimingSystems,
    title = {{Timing of Breeding in Variable Environments : Tropical Birds as Model Systems}},
    year = {2001},
    journal = {Hormones and bBhaviou},
    author = {Hau, Michaela},
    pages = {281--290},
    volume = {40},
    doi = {10.1006/hbeh.2001.1673},
    keywords = {breeding, food, gonad development, luteinizing hormone, opportunistic breeding, photoperiod, reproduction, seasonal, tes-, tosterone, tropical bird}
}

@article{Husek2008Long-term2004,
    title = {{Long-term trends in the timing of breeding and brood size in the Red-Backed Shrike Lanius collurio in the Czech Republic , 1964 – 2004}},
    year = {2008},
    journal = {J Ornithol},
    author = {Husek, Jan and Adam{\'{i}}k, Peter},
    pages = {97--103},
    volume = {149},
    doi = {10.1007/s10336-007-0222-5},
    keywords = {breeding biology {\'{a}} climate, change {\'{a}}, lanius collurio {\'{a}} long-term, study {\'{a}} red-backed shrike, {\'{a}}}
}

@article{Potti1999FromHypoleuca,
    title = {{From mating to laying : genetic and environmental variation in mating dates and prelaying periods of female pied flycatchers Ficedula hypoleuca}},
    year = {1999},
    journal = {Ann. Zool. Fennici},
    author = {Potti, Jaime},
    number = {October},
    pages = {187--194},
    volume = {36}
}

@article{Potti2013EffectsRelatedness,
    title = {{Effects of host ' s sex , age , Louse loads of Pied Flycatchers : condition and relatedness}},
    year = {2013},
    journal = {Journal of Avian Biology},
    author = {Potti, Jaime and Merino, Santiago},
    number = {3},
    pages = {203--208},
    volume = {26}
}

@article{Pincheira-donoso2015FecundityEvidence,
    title = {{Fecundity selection theory : concepts and evidence}},
    year = {2015},
    journal = {Biological Reviews},
    author = {Pincheira-donoso, Daniel and Hunt, John},
    doi = {10.1111/brv.12232},
    keywords = {brood size, fecundity, fecundity selection, fitness, life history, polyandry, reproductive success, trade-offs}
}

@article{Potti1998ArrivalResemblance,
    title = {{Arrival time from spring migration flycatchers : indiviudal consistency and familial resemblance}},
    year = {1998},
    journal = {The Condor},
    author = {Potti, Jaime},
    pages = {702--708},
    volume = {100},
    keywords = {age, ficedula hypoleuca, heritability, migration, pied flycatcher, repeat-}
}

@article{Visser2009TemperatureReproduction,
    title = {{Temperature has a causal effect on avian timing of reproduction}},
    year = {2009},
    journal = {Proceedings of the Royal Society B},
    author = {Visser, Marcel E and Holleman, Leonard J M and Caro, Samuel P},
    number = {March},
    pages = {2323--2331},
    volume = {276},
    doi = {10.1098/rspb.2009.0213},
    keywords = {birds, climate change, great tit, temperature, timing of reproduction}
}

@article{Potti2007MALEFLYCATCHERS,
    title = {{MALE SITE TENACITY REVEALS AN ENVIRONMENTAL CONTRIBUTION TO EGG SIZE IN PIED FLYCATCHERS}},
    year = {2007},
    journal = {Ardeola},
    author = {Potti, Jaime},
    number = {1},
    pages = {117--121},
    volume = {54}
}

@article{Samplonius2017CompetitorSelection,
    title = {{Competitor phenology as a social cue in breeding site selection}},
    year = {2017},
    journal = {Journal of Animal Ecology},
    author = {Samplonius, Jelmer M. and Both, Christiaan},
    pages = {615--623},
    volume = {86},
    doi = {10.1111/1365-2656.12640}
}

@book{Sendecka2007AgeAlbicollis,
    title = {{Age, Longevity and Life-History Trade-Offs in the Collared Flycatcher (Ficedula albicollis)}},
    year = {2007},
    author = {Sendecka, Joanna},
    isbn = {9789155468521}
}

@article{Sandberg1996FatMigrants,
    title = {{Fat stores and arrival on the breeding grounds : reproductive consequences for passerine migrants}},
    year = {1996},
    journal = {Oikos},
    author = {Sandberg, Roland and Moore, Frank R},
    number = {3},
    pages = {577--581},
    volume = {77}
}

@article{Tomas2015Hatching,
    title = {{Hatching date vs laying date : what should we look at to study avian optimal timing of reproduction ?}},
    year = {2015},
    journal = {Journal of Animal Ecology},
    author = {Tom{\'{a}}s, Gustavo},
    number = {July 2014},
    pages = {107--112},
    volume = {46},
    doi = {10.1111/jav.00499}
}

@article{Shapiro2006AnTits,
    title = {{An experimental test of the causes of small-scale phenotypic differentiation in a population of great tits}},
    year = {2006},
    journal = {J. Evol. Biol},
    author = {Shapiro, B J and Garant, Dany and Wilkin, Teddy A. and Sheldon, Ben C.},
    number = {2005},
    pages = {176--183},
    volume = {19},
    doi = {10.1111/j.1420-9101.2005.01004.x}
}

@article{Camacho2015TestingFitness,
    title = {{Testing the matching habitat choice hypothesis in Nature :phenotype-environment correlation and fitness}},
    year = {2015},
    journal = {Evolutionary Ecology},
    author = {Camacho, Carlos and Canal, David and Potti, Jaime},
    number = {6},
    pages = {873--886},
    volume = {29},
    publisher = {Springer International Publishing},
    doi = {10.1007/s10682-015-9793-4},
    issn = {1573-8477},
    keywords = {10, 1007, Body size, Ficedula hypoleuca, Local adaptation, Nonrandom dispersal, Population divergence, article, authorized users, body size {\'{a}} ficedula, contains supplementary material, doi, electronic supplementary material the, hypoleuca {\'{a}} local adaptation, online version of this, population divergence, s10682-015-9793-4, which is available to, {\'{a}} nonrandom dispersal {\'{a}}}
}

@article{Potti2015MaleSpain,
    title = {{Male Arrival and Female Mate Choice in Pied Flycatchers Ficedula hypoleuca in Central Spain}},
    year = {2015},
    journal = {Ornis Scandinavica},
    author = {Potti, Jaime and Montalvo, Sagrario},
    number = {January 1991},
    pages = {45--54},
    volume = {22},
    doi = {10.2307/3676620}
}

@article{Montalvo1992BreedingFlycatchers,
    title = {{Breeding dispersal in Spanish Pied Flycatchers}},
    year = {1992},
    journal = {Ornis Scandinavica},
    author = {Montalvo, Sagrario and Potti, Jaime},
    pages = {491--498},
    volume = {23}
}

@article{Potti1991ReturnSpain,
    title = {{Return rate age at first breeding and natal dispersal of Pied Flycatchers Ficedula hypoleuca in central Spain}},
    year = {1991},
    journal = {Ardea},
    author = {Potti, Jaime and Montalvo, Sagrario},
    number = {April 2017},
    pages = {419--428},
    volume = {79}
}

@article{Camacho2016NatalPopulati,
    title = {{Natal habitat imprinting counteracts the diversifying effects of phenotype dependent dispersal in a spatially structured ... Natal habitat imprinting counteracts the diversifying effects of phenotype- dependent dispersal in a spatially structured populati}},
    year = {2016},
    journal = {BMC Evolutionary Biology},
    author = {Camacho, Carlos and Canal, David and Potti, Jaime},
    number = {August},
    volume = {16},
    publisher = {BMC Evolutionary Biology},
    url = {http://dx.doi.org/10.1186/s12862-016-0724-y},
    doi = {10.1186/s12862-016-0724-y},
    issn = {1471-2148},
    keywords = {Cross-fostering, Ficedula hypoleuca, Local adaptation, Matching habitat choice, Natal habitat preference induction, Nonrandom dispersal, Pied flycatcher, Sympatric speciation}
}

@article{Hollander2011MaladaptiveLandscape,
    title = {{Maladaptive Habitat Selection of a Migratory Passerine Bird in a Human-Modified Landscape}},
    year = {2011},
    journal = {PLoS One},
    author = {Hollander, Franck A and Dyck, Hans Van and Martin, Gilles San and Titeux, Nicolas},
    number = {9},
    volume = {6},
    doi = {10.1371/journal.pone.0025703}
}

@article{Stinchcombe2017HowSelection,
    title = {{How to measure natural selection}},
    year = {2017},
    journal = {Method in Ecology and Evolution},
    author = {Stinchcombe, John R and Kelley, Joanna L and Conner, Jeffrey K},
    number = {6},
    pages = {660--662},
    volume = {8},
    doi = {10.1111/2041-210X.12816}
}

@article{Kellermann2015DetectingClimate,
    title = {{Detecting mismatches of bird migration stopover and tree phenology in response to changing climate}},
    year = {2015},
    journal = {Oecologia},
    author = {Kellermann, Jherime L. and van Riper, Charles},
    number = {4},
    volume = {178},
    isbn = {0044201532},
    doi = {10.1007/s00442-015-3293-7},
    issn = {00298549},
    pmid = {25822114}
}

@article{Townsend2016TheSongbird,
    title = {{The interacting effects of food, spring temperature, and global climate cycles on population dynamics of a migratory songbird}},
    year = {2016},
    journal = {Global Change Biology},
    author = {Townsend, Andrea K. and Cooch, Evan G. and Sillett, T. Scott and Rodenhouse, Nicholas L. and Holmes, Richard T. and Webster, Michael S.},
    number = {2},
    volume = {22},
    isbn = {1365-2486 (Electronic){\textbackslash}r1354-1013 (Linking)},
    doi = {10.1111/gcb.13053},
    issn = {13652486},
    pmid = {26242236}
}

@article{Gill2013WhyNot,
    title = {{Why is timing of bird migration advancing when individuals are not?}},
    year = {2013},
    journal = {Proceedings of the Royal Society B: Biological Sciences},
    author = {Gill, Jennifer A. and Alves, José A. and Sutherland, William J. and Appleton, Graham F. and Potts, Peter M. and Gunnarsson, Tomas G.},
    number = {1774},
    volume = {281},
    isbn = {0962-8452{\textbackslash}n1471-2954},
    doi = {10.1098/rspb.2013.2161},
    issn = {0962-8452},
    pmid = {24225454}
}

@article{Hinks2015Scale-DependentSource,
    title = {{Scale-Dependent Phenological Synchrony between Songbirds and Their Caterpillar Food Source}},
    year = {2015},
    journal = {The American Naturalist},
    author = {Hinks, Amy E. and Cole, Ella F. and Daniels, Katherine J. and Wilkin, Teddy A. and Nakagawa, Shinichi and Sheldon, Ben C.},
    number = {1},
    volume = {186},
    isbn = {0003-0147},
    doi = {10.1086/681572},
    issn = {0003-0147},
    pmid = {26098341}
}

@misc{Briedis2016BreedingMigrant,
    title = {{Breeding latitude leads to different temporal but not spatial organization of the annual cycle in a long-distance migrant}},
    year = {2016},
    booktitle = {Journal of Avian Biology},
    author = {Briedis, Martins and Hahn, Steffen and Gustafsson, Lars and Henshaw, Ian and Tr{\"{a}}ff, Johan and Kr{\'{a}}l, Miroslav and Adam{\'{i}}k, Peter},
    isbn = {0000000315661},
    doi = {10.1111/jav.01002},
    issn = {1600048X}
}

@article{Thackeray2016PhenologicalLevels,
    title = {{Phenological sensitivity to climate across taxa and trophic levels}},
    year = {2016},
    journal = {Nature},
    author = {Thackeray, Stephen J. and Henrys, Peter A. and Hemming, Deborah and Bell, James R. and Botham, Marc S. and Burthe, Sarah and Helaouet, Pierre and Johns, David G. and Jones, Ian D. and Leech, Dave I. and Mackay, Eleanor B. and Massimino, Dario and Atkinson, Sian and Bacon, Philip J. and Brereton, Tom M. and Carvalho, Laurence and Clutton-Brock, Tim H. and Duck, Callan and Edwards, Martin and Elliott, J. Malcolm and Hall, Stephen J. G. and Harrington, Richard and Pearce-Higgins, James W. and H{\o}ye, Toke T. and Kruuk, Loeske E B and Pemberton, Josephine M. and Sparks, Tim H. and Thompson, Paul M. and White, Ian and Winfield, Ian J. and Wanless, Sarah},
    number = {7611},
    volume = {535},
    isbn = {0028-0836},
    doi = {10.1038/nature18608},
    issn = {0028-0836},
    pmid = {27362222}
}

@article{Both2016RepeatabilitySexes,
    title = {{Repeatability in Spring Arrival Dates in Pied Flycatchers Varies Among Years and Sexes}},
    year = {2016},
    journal = {Ardea},
    author = {Both, Christiaan and Bijlsma, Rob G. and Ouwehand, Janne},
    number = {1},
    volume = {104},
    doi = {10.5253/arde.v104i1.a1},
    issn = {0373-2266}
}

@article{Ockendon2013ClimaticGrounds,
    title = {{Climatic effects on breeding grounds are more important drivers of breeding phenology in migrant birds than carry-over effects from wintering grounds}},
    year = {2013},
    journal = {Biol. Lett.},
    author = {Ockendon, Nancy and Leech, Dave I. and Pearce-Higgins, James W.},
    number = {6},
    volume = {9},
    isbn = {1744-957X (Electronic) 1744-9561 (Linking)},
    doi = {10.1098/rsbl.2013.0669},
    issn = {1744-957X},
    pmid = {24196517}
}

@article{Ouwehand2017AfricanFlycatchers,
    title = {{African departure rather than migration speed determines variation in spring arrival in pied flycatchers}},
    year = {2017},
    journal = {Journal of Animal Ecology},
    author = {Ouwehand, Janne and Both, Christiaan},
    number = {1},
    volume = {86},
    doi = {10.1111/1365-2656.12599},
    issn = {13652656}
}

@article{Kirkpatrick1989TheCharacters,
    title = {{The Evolution of Maternal Characters}},
    year = {1989},
    journal = {Evolution},
    author = {Kirkpatrick, Mark and Lande, Russell},
    number = {3},
    pages = {485--503},
    volume = {43}
}

@article{Reed2013PopulationMismatch,
    title = {{Population growth in a wild bird is buffered against Phenological Mismatch}},
    year = {2013},
    journal = {Science},
    author = {Reed, Thomas E. and Grotan, Vidar and Jenouvrier, Stephanie and Saether, Bernt-Erik and Visser, Marcel E.},
    number = {April},
    volume = {340}
}

@article{Merila2014ClimateEvidence,
    title = {{Climate change, adaptation, and phenotypic plasticity: The problem and the evidence}},
    year = {2014},
    journal = {Evolutionary Applications},
    author = {Meril{\"{a}}, Juha and Hendry, Andrew P.},
    number = {1},
    volume = {7},
    isbn = {1752-4571},
    doi = {10.1111/eva.12137},
    issn = {17524563},
    pmid = {24454544}
}

@article{Koons2016AEnvironments,
    title = {{A life-history perspective on the demographic drivers of structured population dynamics in changing environments}},
    year = {2016},
    journal = {Ecology Letters},
    author = {Koons, David N. and Iles, David T. and Schaub, Michael and Caswell, Hal},
    number = {9},
    volume = {19},
    isbn = {1461023X},
    doi = {10.1111/ele.12628},
    issn = {14610248},
    pmid = {27401966}
}

@article{Clausen2013EarlierMigrants,
    title = {{Earlier Arctic springs cause phenological mismatch in long-distance migrants}},
    year = {2013},
    journal = {Oecologia},
    author = {Clausen, Kevin Kuhlmann and Clausen, Preben},
    number = {3},
    pages = {1101--1112},
    volume = {173},
    isbn = {0029-8549},
    doi = {10.1007/s00442-013-2681-0},
    issn = {00298549},
    pmid = {23660701},
    keywords = {Advancing spring, Branta bernicla hrota, Climate change, Phenology, Svalbard}
}

@article{Briga2015LargeChange,
    title = {{Large diurnal temperature range increases bird sensitivity to climate change}},
    year = {2015},
    journal = {Scientific Reports},
    author = {Briga, Michael and Verhulst, Simon},
    pages = {1--9},
    volume = {5},
    publisher = {Nature Publishing Group},
    url = {http://dx.doi.org/10.1038/srep16600},
    doi = {10.1038/srep16600}
}

@article{Nager1997NutrientTits,
    title = {{Nutrient or energy limitation on egg formation: a feeding experiment in great tits}},
    year = {1997},
    journal = {Journal of Animal Ecology},
    author = {Nager, Ruedi G. and R{\"{u}}egger, Cécile and van Noordwijk, Arie J},
    pages = {495--507},
    volume = {66}
}

@article{Reynolds2007ClimaticForests,
    title = {{Climatic effects on caterpillar fluctuations in northern hardwood forests}},
    year = {2007},
    journal = {Can. J. For. Res.},
    author = {Reynolds, Lindsay V. and Ayres, Matthew P. and Siccama, Thomas G. and Holmes, Richard T.},
    pages = {481--491},
    volume = {37}
}

@article{MilesQuantifyingBirds,
    title = {{Quantifying full phenological event distributions reveals simultaneous advances, temporal stability and delays in spring and autumn migration timing in long-distance migratory birds}},
    author = {Miles, Will T S and Bolton, Mark and Davis, Peter and Dennis, R O Y and Robertson, Iain and Riddiford, Nick J and Harvey, Paul V and Shaw, Deryk N and Parnaby, David and Reid, Jane M},
    pages = {1--52},
    volume = {3}
}

@article{Hedlund2015Long-termTrochilus,
    title = {{Long-term phenological shifts and intra-specific differences in migratory change in the willow warbler Phylloscopus trochilus}},
    year = {2015},
    journal = {Journal of Avian Biology},
    author = {Hedlund, Johanna S U and Jakobsson, Sven and Kullberg, Cecilia and Fransson, Thord},
    number = {August 2014},
    pages = {97--106},
    volume = {46},
    doi = {10.1111/jav.00484}
}

@article{Conklin2013AbsoluteBird,
    title = {{Absolute Consistency : Individual versus Population Variation in Annual-Cycle Schedules of a Long-Distance Migrant Bird}},
    year = {2013},
    journal = {PLoS One},
    author = {Conklin, Jesse R and Battley, Phil F and Potter, Murray A},
    number = {1},
    volume = {8},
    doi = {10.1371/journal.pone.0054535}
}

@article{Gordo2007WhyPhenology,
    title = {{Why are bird migration dates shifting ? A review of weather and climate effects on avian migratory phenology}},
    year = {2007},
    journal = {Climate Research},
    author = {Gordo, Oscar},
    number = {May},
    pages = {37--58},
    volume = {35},
    doi = {10.3354/cr00713}
}

@article{Walther2002EcologicalChange,
    title = {{Ecological responses to recent climate change}},
    year = {2002},
    journal = {Nature},
    author = {Walther, Gian-reto and Post, Eric and Convey, Peter and Menzel, Annette and Parmesan, Camille and Beebee, Trevor J C and Fromentin, Jean-marc and Hoegh-guldberg, Ove and Bairlein, Franz},
    pages = {389--395},
    volume = {416}
}

@article{Ockendon2014RainfallMigrants,
    title = {{Rainfall on wintering grounds affects population change in many species of Afro-Palaearctic migrants}},
    year = {2014},
    journal = {Journal of Ornithology},
    author = {Ockendon, Nancy and Johnston, Alison and Baillie, Stephen R.},
    number = {4},
    volume = {155},
    isbn = {2193-7192},
    doi = {10.1007/s10336-014-1073-5},
    issn = {00218375}
}

@article{Samplonius2018PhenologicalBreeders,
    title = {{Phenological sensitivity to climate change is higher in resident than in migrant bird populations among European cavity breeders}},
    year = {2018},
    journal = {Global Change Biology},
    author = {Samplonius, Jelmer M. and Barto{\v{s}}ov{\'{a}}, Lenka and Burgess, Malcolm D. and Bushuev, Andrey V. and Eeva, Tapio and Ivankina, Elena V. and Kerimov, Anvar B. and Krams, Indrikis and Laaksonen, Toni and M{\"{a}}gi, Marko and M{\"{a}}nd, Raivo and Potti, Jaime and T{\"{o}}r{\"{o}}k, János and Trnka, Miroslav and Visser, Marcel E. and Zang, Herwig and Both, Christiaan},
    pages = {0--2},
    url = {http://doi.wiley.com/10.1111/gcb.14160},
    doi = {10.1111/gcb.14160},
    issn = {13541013},
    keywords = {Adaptation, Birds, climate change, competition, information use, laying date, nest boxes, timing}
}

@article{Burgess2018TritrophicTime,
    title = {{Tritrophic phenological match–mismatch in space and time}},
    year = {2018},
    journal = {Nature Ecology {\&} Evolution},
    author = {Burgess, Malcolm D and Smith, Ken W and Evans, Karl L and Leech, Dave and Pearce-higgins, James W and Branston, Claire J and Briggs, Kevin and Clark, John R and Feu, Chris R and Lewthwaite, Kate and Nager, Ruedi G and Sheldon, Ben C and Smith, Jeremy A and Whytock, Robin C and Willis, Stephen G and Phillimore, Albert B},
    publisher = {Springer US},
    url = {http://dx.doi.org/10.1038/s41559-018-0543-1},
    isbn = {4155901805431},
    doi = {10.1038/s41559-018-0543-1},
    issn = {2397-334X}
}

@article{Both2000DensityDensity,
    title = {{Density dependence of avian clutch size in resident and migrant species: Is there a constraint on the predictability of competitor density?}},
    year = {2000},
    journal = {Journal of Avian Biology},
    author = {Both, Christiaan},
    number = {3},
    pages = {412--417},
    volume = {31},
    isbn = {0908-8857},
    doi = {10.1034/j.1600-048X.2000.310317.x},
    issn = {09088857},
    pmid = {1306}
}

@article{Both1998DensityAdjustment,
    title = {{Density dependence of clutch size: habitat heterogeneity or individual adjustment?}},
    year = {1998},
    journal = {Journal of Animal Ecology},
    author = {Both, Christiaan},
    number = {4},
    pages = {659--666},
    volume = {67},
    url = {http://doi.wiley.com/10.1046/j.1365-2656.1998.00227.x},
    isbn = {1365-2656},
    doi = {10.1046/j.1365-2656.1998.00227.x},
    issn = {0021-8790}
}

@article{Ahola2009GreatTraits,
    title = {{Great tits lay increasingly smaller clutches than selected for: A study of climate- and density-related changes in reproductive traits}},
    year = {2009},
    journal = {Journal of Animal Ecology},
    author = {Ahola, Markus P. and Laaksonen, Toni and Eeva, Tapio and Lehikoinen, Esa},
    number = {6},
    pages = {1298--1306},
    volume = {78},
    isbn = {0021-8790},
    doi = {10.1111/j.1365-2656.2009.01596.x},
    issn = {00218790},
    pmid = {19682140},
    keywords = {Density dependence, Long-term study, Reproductive success, Selection differential}
}

@article{Ahola2007ClimateBirds,
    title = {{Climate change can alter competitive relationships between resident and migratory birds}},
    year = {2007},
    journal = {Journal of Animal Ecology},
    author = {Ahola, Markus P. and Laaksonen, Toni and Eeva, Tapio and Lehikoinen, Esa},
    number = {6},
    pages = {1045--1052},
    volume = {76},
    isbn = {0021-8790},
    doi = {10.1111/j.1365-2656.2007.01294.x},
    issn = {00218790},
    pmid = {17922701},
    keywords = {Density effect, Ficedula hypoleuca, Long-term trend, Parus major, Timing of breeding}
}

@article{Eeva2010PollutedFlycatcher,
    title = {{Polluted environment and cold weather induce laying gaps in great tit and pied flycatcher}},
    year = {2010},
    journal = {Oecologia},
    author = {Eeva, Tapio and Lehikoinen, Esa},
    number = {2},
    pages = {533--539},
    volume = {162},
    isbn = {1432-1939 (Electronic){\textbackslash}r0029-8549 (Linking)},
    doi = {10.1007/s00442-009-1468-9},
    issn = {00298549},
    pmid = {19784674},
    keywords = {Air pollution, Calcium limitation, Ficedula hypoleuca, Heavy metals, Invertebrate food, Parus major}
}

@article{Duputie2015PhenologicalChange,
    title = {{Phenological plasticity will not help all species adapt to climate change}},
    year = {2015},
    journal = {Global Change Biology},
    author = {Duputi{\'{e}}, Anne and Rutschmann, Alexis and Ronce, Ophélie and Chuine, Isabelle},
    number = {8},
    pages = {3062--3073},
    volume = {21},
    isbn = {1365-2486},
    doi = {10.1111/gcb.12914},
    issn = {13652486},
    pmid = {25752508},
    keywords = {Climate change, Climatic niche, European beech, Phenology, Scots pine, Sessile oak, Species distribution model}
}

@article{Harriman2017SeasonalHypotheses,
    title = {{Seasonal patterns in reproductive success of temperate-breeding birds: Experimental tests of the date and quality hypotheses}},
    year = {2017},
    journal = {Ecology and Evolution},
    author = {Harriman, Vanessa B. and Dawson, Russell D. and Bortolotti, Lauren E. and Clark, Robert G.},
    number = {7},
    pages = {2122--2132},
    volume = {7},
    isbn = {2045-7758},
    doi = {10.1002/ece3.2815},
    issn = {20457758},
    pmid = {28405278},
    keywords = {Tachycineta bicolor, food supply, hatching date, offspring quality, parental quality, tree swallow}
}

@article{Haest2018ChallengingBirds,
    title = {{Challenging a 15-year-old claim: The North Atlantic Oscillation index as a predictor of spring migration phenology of birds}},
    year = {2018},
    journal = {Global Change Biology},
    author = {Haest, Birgen and H{\"{u}}ppop, Ommo and Bairlein, Franz},
    number = {4},
    pages = {1523--1537},
    volume = {24},
    doi = {10.1111/gcb.14023},
    issn = {13652486},
    keywords = {Northern Hemisphere, bird migration, climate change, large-scale climate indices, meta-analysis, short-distance migration, time window analysis, trans-Saharan migrants}
}

@article{Hayward2018EvidencePopulation,
    title = {{Evidence for Selection-by-Environment but Not Genotype-by-Environment Interactions for Fitness-Related Traits in a Wild Mammal Population}},
    year = {2018},
    journal = {Genetics},
    author = {Hayward, A. and Pemberton, Josephine M},
    number = {1},
    pages = {349--364},
    volume = {2018},
    isbn = {6174326543},
    doi = {10.1534/genetics.117.300498},
    pmid = {29127262},
    keywords = {environmental variation, g x e, natural selection, quantitative genetics, random}
}

@article{Brommer2013PhenotypicWild,
    title = {{Phenotypic plasticity of labile traits in the wild}},
    year = {2013},
    journal = {Current Zoology},
    author = {Brommer, Kon E.},
    number = {4},
    pages = {485--505},
    volume = {59},
    isbn = {1674-5507},
    doi = {10.1093/czoolo/59.4.485},
    issn = {16745507},
    keywords = {Animal model, Animal personality, Individual-level plasticity, Life history, Linear mixed model, Longitudinal study, Wild population}
}

@article{Reed2010PhenotypicPredictability,
    title = {{Phenotypic plasticity and population viability: the importance of environmental predictability}},
    year = {2010},
    journal = {Proceedings of the Royal Society B: Biological Sciences},
    author = {Reed, T. E. and Waples, R. S. and Schindler, D. E. and Hard, J. J. and Kinnison, M. T.},
    number = {1699},
    pages = {3391--3400},
    volume = {277},
    url = {http://rspb.royalsocietypublishing.org/cgi/doi/10.1098/rspb.2010.0771},
    isbn = {0962-8452},
    doi = {10.1098/rspb.2010.0771},
    issn = {0962-8452},
    pmid = {20554553},
    keywords = {cue reliability, environmental stochasticity, evolutionary trap, persistence, reaction norm}
}

@article{Hendry2008HumanPopulations,
    title = {{Human influences on rates of phenotypic change in wild animal populations}},
    year = {2008},
    journal = {Molecular Ecology},
    author = {Hendry, Andrew P. and Farrugia, Thomas J. and Kinnison, Michael T.},
    number = {1},
    pages = {20--29},
    volume = {17},
    isbn = {5143983185},
    doi = {10.1111/j.1365-294X.2007.03428.x},
    issn = {09621083},
    pmid = {18173498},
    keywords = {Contemporary evolution, Darwins, Haldanes, Invasion, Microevolution, Rapid evolution}
}

@article{Tufto2015GeneticModel,
    title = {{Genetic evolution, plasticity, and bet-hedging as adaptive responses to temporally autocorrelated fluctuating selection: A quantitative genetic model}},
    year = {2015},
    journal = {Evolution},
    author = {Tufto, Jarle},
    number = {8},
    pages = {2034--2049},
    volume = {69},
    isbn = {1558-5646},
    doi = {10.1111/evo.12716},
    issn = {15585646},
    pmid = {26140293},
    keywords = {Developmental instability, Microenvironmental variability, Norm of reaction, Phenotypic variance}
}

@article{Pearce-Higgins2015DriversCommunities,
    title = {{Drivers of climate change impacts on bird communities}},
    year = {2015},
    journal = {Journal of Animal Ecology},
    author = {Pearce-Higgins, James W. and Eglington, Sarah M. and Martay, Blaise and Chamberlain, Dan E.},
    number = {4},
    pages = {943--954},
    volume = {84},
    isbn = {1365-2656},
    doi = {10.1111/1365-2656.12364},
    issn = {13652656},
    pmid = {25757576},
    arxivId = {1708.02002},
    keywords = {Birds, Climate change, Community specialization index, Community temperature index, Migrants, Population trends, Precipitation, Temperature}
}

@article{Tomotani2018ClimateBird,
    title = {{Climate change leads to differential shifts in the timing of annual cycle stages in a migratory bird}},
    year = {2018},
    journal = {Global Change Biology},
    author = {Tomotani, Barbara M. and van der Jeugd, Henk and Gienapp, Phillip and de la Hera, Iván and Pilzecker, Jos and Teichmann, Corry and Visser, Marcel E.},
    number = {2},
    pages = {823--835},
    volume = {24},
    isbn = {1354-1013},
    doi = {10.1111/gcb.14006},
    issn = {13652486},
    pmid = {29211325},
    keywords = {European pied flycatcher, Ficedula hypoleuca, breeding, fitness, mark–recapture, migration, moult, recruitment}
}

@article{Wittwer2015Long-termSpecies,
    title = {{Long-term population dynamics of a migrant bird suggests interaction of climate change and competition with resident species}},
    year = {2015},
    journal = {Oikos},
    author = {Wittwer, Torben and O'Hara, Robert B. and Caplat, Paul and Hickler, Thomas and Smith, Henrik G.},
    number = {9},
    pages = {1151--1159},
    volume = {124},
    isbn = {0030-1299},
    doi = {10.1111/oik.01559},
    issn = {16000706}
}

@article{Bosse2017RecentTrait,
    title = {{Recent natural selection causes adaptive evolution of an avian polygenic trait}},
    year = {2017},
    journal = {Science},
    author = {Bosse, Mirte and Spurgin, Lewis G. and Laine, Veronika N. and Cole, Ella F. and Firth, Josh A. and Gienapp, Phillip and Gosler, Andrew G. and McMahon, Keith and Poissant, Jocelyn and Verhagen, Irene and Groenen, Martien A.M. and Van Oers, Kees and Sheldon, Ben C. and Visser, Marcel E. and Slate, Jon},
    number = {6361},
    pages = {365--368},
    volume = {358},
    isbn = {0036-8075},
    doi = {10.1126/science.aal3298},
    issn = {10959203},
    pmid = {29051380}
}

@article{Kozlovsky2018FluctuationsChickadees,
    title = {{Fluctuations in annual climatic extremes are associated with reproductive variation in resident mountain chickadees}},
    year = {2018},
    journal = {Royal Society Open Science},
    author = {Kozlovsky, Dovid Y. and Branch, Carrie L. and Pitera, Angela M. and Pravosudov, Vladimir V.},
    number = {5},
    pages = {171604},
    volume = {5},
    url = {http://rsos.royalsocietypublishing.org/lookup/doi/10.1098/rsos.171604},
    doi = {10.1098/rsos.171604},
    issn = {2054-5703}
}

@article{Bonnet2018FluctuatingPopulation,
    title = {{Fluctuating selection and its (elusive) evolutionary consequences in a wild rodent population}},
    year = {2018},
    journal = {Journal of Evolutionary Biology},
    author = {Bonnet, T. and Postma, E.},
    number = {4},
    volume = {31},
    doi = {10.1111/jeb.13246},
    issn = {14209101}
}

@article{Forchhammer2002NorthMigration,
    title = {{North Atlantic Oscillation timing of long- and short- distance migration}},
    year = {2002},
    journal = {Journal of Animal Ecology},
    author = {Forchhammer, Mads C. and Post, Eric and Stenseth, Nils Chr},
    number = {6},
    pages = {1002--1014},
    volume = {71}
}

@article{Verhulst2008TheBreeding,
    title = {{The timing of birds' breeding seasons: A review of experiments that manipulated timing of breeding}},
    year = {2008},
    journal = {Philosophical Transactions of the Royal Society B: Biological Sciences},
    author = {Verhulst, Simon and Nilsson, Jan Åke},
    number = {1490},
    pages = {399--410},
    volume = {363},
    isbn = {0962-8436 (Print)},
    doi = {10.1098/rstb.2007.2146},
    issn = {09628436},
    pmid = {17666390},
    keywords = {Clutch size, Hatch date, Lay date, Life-history evolution}
}

@article{Levis2016EvaluatingApproaches,
    title = {{Evaluating 'Plasticity-First' Evolution in Nature: Key Criteria and Empirical Approaches}},
    year = {2016},
    journal = {Trends in Ecology and Evolution},
    author = {Levis, Nicholas A. and Pfennig, David W.},
    number = {7},
    pages = {563--574},
    volume = {31},
    publisher = {Elsevier Ltd},
    url = {http://dx.doi.org/10.1016/j.tree.2016.03.012},
    isbn = {1872-8383 (Electronic){\textbackslash}r0169-5347 (Linking)},
    doi = {10.1016/j.tree.2016.03.012},
    issn = {01695347},
    pmid = {27067134}
}

@article{Grether2005EnvironmentalCompensation,
    title = {{Environmental Change, Phenotypic Plasticity, and Genetic Compensation}},
    year = {2005},
    journal = {The American Naturalist},
    author = {Grether, Gregory F.},
    number = {4},
    pages = {E115-E123},
    volume = {166},
    url = {http://www.journals.uchicago.edu/doi/10.1086/432023},
    isbn = {0003-0147},
    doi = {10.1086/432023},
    issn = {0003-0147},
    pmid = {16224697},
    keywords = {countergradient variation, cryptic evolution, environmental gradient, ge-, genetic assimilation, netic accommodation}
}

@article{Przybylo2001BreedingParents,
    title = {{Breeding success in Blue Tits: Good territories or good parents?}},
    year = {2001},
    journal = {Journal of Avian Biology},
    author = {Przybylo, Robert and Wiggins, David A. and Meril{\"{a}}, Juha},
    number = {3},
    pages = {214--218},
    volume = {32},
    isbn = {0908-8857},
    doi = {10.1111/j.0908-8857.2001.320302.x},
    issn = {09088857}
}

@article{Siikamaki1998LimitationAVAILABILITY,
    title = {{Limitation of Reproductive Success by Food Availability and Breeding Time in Pied Flycatchers Published by : Ecological Society of America LIMITATION OF REPRODUCTIVE SUCCESS BY FOOD AVAILABILITY}},
    year = {1998},
    journal = {Ecology},
    author = {Siikam{\"{a}}ki, Pirkko},
    number = {5},
    pages = {1789--1796},
    volume = {79},
    keywords = {clutch size, ficedula hypoleuca, food limitation, molt, reproductive success, timing}
}

@article{Bonnet2018FluctuatingPopulationb,
    title = {{Fluctuating selection and its (elusive) evolutionary consequences in a wild rodent population}},
    year = {2018},
    journal = {Journal of Evolutionary Biology},
    author = {Bonnet, T. and Postma, E.},
    number = {4},
    pages = {572--586},
    volume = {31},
    doi = {10.1111/jeb.13246},
    issn = {14209101},
    keywords = {Individual-based, adaptation, mammals, natural selection, quantitative genetics, simulation}
}

@article{Lande2015EvolutionSpecies,
    title = {{Evolution of phenotypic plasticity in colonizing species}},
    year = {2015},
    journal = {Molecular Ecology},
    author = {Lande, Russell},
    number = {9},
    pages = {2038--2045},
    volume = {24},
    isbn = {1365-294X},
    doi = {10.1111/mec.13037},
    issn = {1365294X},
    pmid = {25558898},
    keywords = {adaptive evolution, cost of plasticity, development, environmental predictability, fluctuating environment, genetic assimilation, labile plasticity, one-shot plasticity, quantitative characters}
}

@article{Herman2016DNAPlasticity,
    title = {{DNA methylation mediates genetic variation for adaptive transgenerational plasticity}},
    year = {2016},
    journal = {Proceedings of the Royal Society B: Biological Sciences},
    author = {Herman, Jacob J. and Sultan, Sonia E.},
    number = {1838},
    volume = {283},
    isbn = {1471-2954 (Electronic) 0962-8452 (Linking)},
    doi = {10.1098/rspb.2016.0988},
    issn = {14712954},
    pmid = {27629032},
    keywords = {Drought stress, Ecological epigenetics, Maternal effects, Non-genetic inheritance, Phenotypic plasticity}
}

@article{Rushing2016QuantifyingCycle,
    title = {{Quantifying drivers of population dynamics for a migratory bird throughout the annual cycle}},
    year = {2016},
    journal = {Proceedings of the Royal Society B: Biological Sciences},
    author = {Rushing, Clark S. and Ryder, Thomas B. and Marra, Peter P.},
    number = {1823},
    volume = {283},
    isbn = {0962-8452{\textbackslash}r1471-2954},
    doi = {10.1098/rspb.2015.2846},
    issn = {14712954},
    pmid = {26817774},
    keywords = {Climate change, Habitat loss, Migratory connectivity, Population dynamics, Population limitation, Seasonal interactions}
}

@article{Lane2018PhenologicalMicroevolution,
    title = {{Phenological shifts in North American red squirrels: disentangling the roles of phenotypic plasticity and microevolution}},
    year = {2018},
    journal = {Journal of Evolutionary Biology},
    author = {Lane, Jeffrey and McAdam, Andrew G. and McFarlane, Eryn and Williams, Cory and Humphries, Murray M and Coltman, David and Gorrell, Jamieson and Boutin, Stan},
    pages = {810--821},
    volume = {31},
    url = {http://doi.wiley.com/10.1111/jeb.13263},
    doi = {10.1111/jeb.13263},
    issn = {1010061X}
}

@article{Smith2017EarlierChange,
    title = {{Earlier nesting by generalist predatory bird is associated with human responses to climate change}},
    year = {2017},
    journal = {Journal of Animal Ecology},
    author = {Smith, Shawn H. and Steenhof, Karen and McClure, Christopher J.W. and Heath, Julie A.},
    number = {1},
    pages = {98--107},
    volume = {86},
    isbn = {0021-8790},
    doi = {10.1111/1365-2656.12604},
    issn = {13652656},
    keywords = {Falco sparverius, NDVI, adaptation, agriculture, growing season, minimum temperature, phenology, prey, spring, winter}
}